

@inproceedings{Bird:whatIfFSE12,
  author    = {Christian Bird and
               Thomas Zimmermann},
  title     = {Assessing the value of branches with what-if analysis},
  booktitle = {20th {ACM} {SIGSOFT} Symposium on the Foundations of Software Engineering
               (FSE-20), SIGSOFT/FSE'12, Cary, NC, {USA} - November 11 - 16, 2012},
  pages     = {45},
  year      = {2012}
}

@inproceedings{Muslu:dvcsICSE14,
  author    = {Kivan{\c{c}} Muslu and
               Christian Bird and
               Nachiappan Nagappan and
               Jacek Czerwonka},
  title     = {Transition from centralized to decentralized version control systems:
               a case study on reasons, barriers, and outcomes},
  booktitle = {36th International Conference on Software Engineering, {ICSE} '14,
               Hyderabad, India - May 31 - June 07, 2014},
  pages     = {334--344},
  year      = {2014},
  crossref  = {DBLP:conf/icse/2014}}

@inproceedings{integrate:algoICSM11,
  author    = {Alexander Tarvo and
               Thomas Zimmermann and
               Jacek Czerwonka},
  title     = {An integration resolution algorithm for mining multiple branches in
               version control systems},
  booktitle = {{IEEE} 27th International Conference on Software Maintenance, {ICSM}
               2011, Williamsburg, VA, USA, September 25-30, 2011},
  pages     = {402--411},
  year      = {2011},
  crossref  = {DBLP:conf/icsm/2011}
}

@inproceedings{Guo:whichBugICSE10,
  author    = {Philip J. Guo and
               Thomas Zimmermann and
               Nachiappan Nagappan and
               Brendan Murphy},
  title     = {Characterizing and predicting which bugs get fixed: an empirical study
               of Microsoft Windows},
  booktitle = {Proceedings of the 32nd {ACM/IEEE} International Conference on Software
               Engineering - Volume 1, {ICSE} 2010, Cape Town, South Africa, 1-8
               May 2010},
  pages     = {495--504},
  year      = {2010}
  }

@inproceedings{Jiang:howFastMSR13,
  author    = {Yujuan Jiang and
               Bram Adams and
               Daniel M. Germ{\'{a}}n},
  title     = {Will my patch make it? and how fast?: case study on the Linux kernel},
  booktitle = {Proceedings of the 10th Working Conference on Mining Software Repositories,
               {MSR} '13, San Francisco, CA, USA, May 18-19, 2013},
  pages     = {101--110},
  year      = {2013},
  crossref  = {DBLP:conf/msr/2013}
}