

@inproceedings{zimmermann-promise-2007,
    title = {Predicting Defects for Eclipse},
    author = {Thomas Zimmermann and Rahul Premraj and Andreas Zeller},
    year = {2007},
    booktitle = {3rd International Workshop on Predictor Models in Software Engineering, {PROMISE}'07}
}


@misc{apache-jira,
    title = {https://issues.apache.org/jira/},
    booktitle = {Apache.JIRA}
}


@inproceedings{method-chain,
    title = {https://en.wikipedia.org/wiki/Method_chaining},
    author = {},
    year = {},
    booktitle = {Wikipedia}
}


@inproceedings{bugMetrics:robbes,
  author    = {Marco D'Ambros and
               Michele Lanza and
               Romain Robbes},
  title     = {An extensive comparison of bug prediction approaches},
  booktitle = {7th International Working Conference on Mining
               Software Repositories, {MSR}'10},
  pages     = {31--41},
  year      = {2010}
}

@inproceedings{sirRepo:Do05,
  author    = {Hyunsook Do and
               Sebastian G. Elbaum and
               Gregg Rothermel},
  title     = {Supporting Controlled Experimentation with Testing Techniques: An
               Infrastructure and its Potential Impact},
 booktitle   = {Empirical Software Engineering},
  pages     = {405--435},
  year      = {2005}
}

@inproceedings{asfLink:fse13,
  author    = {Foyzur Rahman and
               Daryl Posnett and
               Israel Herraiz and
               Premkumar T. Devanbu},
  title     = {Sample size vs. bias in defect prediction},
  booktitle = {21st {ACM} {SIGSOFT} International Symposium on Foundations of Software Engineering, {FSE}'13},
  pages     = {147--157},
  year      = {2013},
  url       = {http://doi.acm.org/10.1145/2491411.2491418},
  doi       = {10.1145/2491411.2491418},
  timestamp = {Sat, 31 Aug 2013 17:43:06 +0200},
  biburl    = {http://dblp.uni-trier.de/rec/bib/conf/sigsoft/RahmanPHD13},
  bibsource = {dblp computer science bibliography, http://dblp.org}
}

@inproceedings{Menzies:crossASE11,
  author    = {Tim Menzies and
               Andrew Butcher and
               Andrian Marcus and
               Thomas Zimmermann and
               David R. Cok},
  title     = {Local vs. global models for effort estimation and defect prediction},
  booktitle = {26th {IEEE/ACM} International Conference on Automated Software Engineering,
               {ASE}'11},
  pages     = {343--351},
  year      = {2011}
}


@inproceedings{balance:BirdFSE09,
  author    = {Christian Bird and
               Adrian Bachmann and
               Eirik Aune and
               John Duffy and
               Abraham Bernstein and
               Vladimir Filkov and
               Premkumar T. Devanbu},
  title     = {Fair and balanced?: bias in bug-fix datasets},
  booktitle = {17th {ACM} {SIGSOFT} International Symposium on Foundations of Software Engineering, {FSE}'09},
  pages     = {121--130},
  year      = {2009}
}

@inproceedings{missLink:BachmannFSE10,
  author    = {Adrian Bachmann and
               Christian Bird and
               Foyzur Rahman and
               Premkumar T. Devanbu and
               Abraham Bernstein},
  title     = {The missing links: bugs and bug-fix commits},
  booktitle = {18th {ACM} {SIGSOFT} International Symposium on
               Foundations of Software Engineering, {FSE}'10},
  pages     = {97--106},
  year      = {2010}
}

@article{promise:Menzies07,
  author    = {Tim Menzies and
               Jeremy Greenwald and
               Art Frank},
  title     = {Data Mining Static Code Attributes to Learn Defect Predictors},
  journal   = {{IEEE} Trans. Software Eng.},
  volume    = {33},
  number    = {1},
  pages     = {2--13},
  year      = {2007},
  url       = {http://dx.doi.org/10.1109/TSE.2007.256941},
  doi       = {10.1109/TSE.2007.256941},
  timestamp = {Mon, 07 Nov 2011 16:59:27 +0100},
  biburl    = {http://dblp.uni-trier.de/rec/bib/journals/tse/MenziesGF07},
  bibsource = {dblp computer science bibliography, http://dblp.org}
}

@inproceedings{nagappan:metricsICSE06,
  author    = {Nachiappan Nagappan and
               Thomas Ball and
               Andreas Zeller},
  title     = {Mining metrics to predict component failures},
  booktitle = {28th International Conference on Software Engineering, {ICSE}'06},
  pages     = {452--461},
  year      = {2006},
  url       = {http://doi.acm.org/10.1145/1134349},
  doi       = {10.1145/1134349},
  timestamp = {Wed, 07 Jun 2006 14:00:22 +0200},
  biburl    = {http://dblp.uni-trier.de/rec/bib/conf/icse/NagappanBZ06},
  bibsource = {dblp computer science bibliography, http://dblp.org}
}


@inproceedings{zimmermann:crossProjFSE09,
  author    = {Thomas Zimmermann and
               Nachiappan Nagappan and
               Harald C. Gall and
               Emanuel Giger and
               Brendan Murphy},
  title     = {Cross-project defect prediction: a large scale experiment on data
               vs. domain vs. process},
  booktitle = {17th {ACM} {SIGSOFT} International Symposium on Foundations of Software Engineering, FSE'09},
  pages     = {91--100},
  year      = {2009},
  url       = {http://doi.acm.org/10.1145/1595696.1595713},
  doi       = {10.1145/1595696.1595713},
  timestamp = {Wed, 01 Apr 2015 20:06:24 +0200},
  biburl    = {http://dblp.uni-trier.de/rec/bib/conf/sigsoft/ZimmermannNGGM09},
  bibsource = {dblp computer science bibliography, http://dblp.org}
}

@article{Menzies:metricsTSE07,
  author    = {Tim Menzies and
               Jeremy Greenwald and
               Art Frank},
  title     = {Data Mining Static Code Attributes to Learn Defect Predictors},
  journal   = {{IEEE} Trans. Software Eng.},
  volume    = {33},
  number    = {1},
  pages     = {2--13},
  year      = {2007},
  url       = {http://dx.doi.org/10.1109/TSE.2007.256941},
  doi       = {10.1109/TSE.2007.256941},
  timestamp = {Mon, 07 Nov 2011 16:59:27 +0100},
  biburl    = {http://dblp.uni-trier.de/rec/bib/journals/tse/MenziesGF07},
  bibsource = {dblp computer science bibliography, http://dblp.org}
}

@article{McCabe:complexity76,
  author    = {Thomas J. McCabe},
  title     = {A Complexity Measure},
  journal   = {{IEEE} Trans. Software Eng.},
  volume    = {2},
  number    = {4},
  pages     = {308--320},
  year      = {1976},
  url       = {http://doi.ieeecomputersociety.org/10.1109/TSE.1976.233837},
  doi       = {10.1109/TSE.1976.233837},
  timestamp = {Mon, 07 Nov 2011 16:59:25 +0100},
  biburl    = {http://dblp.uni-trier.de/rec/bib/journals/tse/McCabe76},
  bibsource = {dblp computer science bibliography, http://dblp.org}
}

@inproceedings{Nagappan:relativeICSE05,
  author    = {Nachiappan Nagappan and
               Thomas Ball},
  title     = {Use of relative code churn measures to predict system defect density},
  booktitle = {27th International Conference on Software Engineering, {ICSE}'05},
  pages     = {284--292},
  year      = {2005},
  url       = {http://doi.acm.org/10.1145/1062455.1062514},
  doi       = {10.1145/1062455.1062514},
  timestamp = {Mon, 13 Feb 2006 15:15:56 +0100},
  biburl    = {http://dblp.uni-trier.de/rec/bib/conf/icse/NagappanB05},
  bibsource = {dblp computer science bibliography, http://dblp.org}
}

@inproceedings{lmg:relativeImp80,
  author    = {Richard Harold Lindeman and Peter Francis Merenda and Ruth Z. Gold},
  title     = {Introduction to bivariate and multivariate analysis},
  booktitle = {Scott Foresman},
  year      = {1980}
}


@inproceedings{Baishakhi:languageFSE14,
  author    = {Baishakhi Ray and
               Daryl Posnett and
               Vladimir Filkov and
               Premkumar T. Devanbu},
  title     = {A large scale study of programming languages and code quality in github},
  booktitle = {22nd {ACM} {SIGSOFT} International Symposium on
               Foundations of Software Engineering, {FSE}'14},
  pages     = {155--165},
  year      = {2014},
  url       = {http://doi.acm.org/10.1145/2635868.2635922},
  doi       = {10.1145/2635868.2635922},
  timestamp = {Fri, 07 Nov 2014 13:02:02 +0100},
  biburl    = {http://dblp.uni-trier.de/rec/bib/conf/sigsoft/RayPFD14},
  bibsource = {dblp computer science bibliography, http://dblp.org}
}

@inproceedings{Cohen:regression03,
  author    = {J. Cohen and P. Cohen and S. West and L. Aiken},
  title     = {Applied multiple regression/correlation analysis for the behavioral sciences},
  booktitle = {Third edition, Routledge },
   year      = {2003}
}

@inproceedings{Kim:apiMatchICSE07,
  author    = {Miryung Kim and
               David Notkin and
               Dan Grossman},
  title     = {Automatic Inference of Structural Changes for Matching across Program
               Versions},
  booktitle = {29th International Conference on Software Engineering, {ICSE}'07},
  pages     = {333--343},
  year      = {2007},
  url       = {http://doi.ieeecomputersociety.org/10.1109/ICSE.2007.20},
  doi       = {10.1109/ICSE.2007.20},
  timestamp = {Tue, 02 Jun 2015 18:34:40 +0200},
  biburl    = {http://dblp.uni-trier.de/rec/bib/conf/icse/KimNG07},
  bibsource = {dblp computer science bibliography, http://dblp.org}
}

@inproceedings{Fischer:versionICSM03,
  author    = {Michael Fischer and
               Martin Pinzger and
               Harald C. Gall},
  title     = {Populating a Release History Database from Version Control and Bug
               Tracking Systems},
  booktitle = {19th International Conference on Software Maintenance, {ICSM}'03},
  pages     = {23},
  year      = {2003},
  url       = {http://dx.doi.org/10.1109/ICSM.2003.1235403},
  doi       = {10.1109/ICSM.2003.1235403},
  timestamp = {Wed, 10 Jun 2015 16:53:30 +0200},
  biburl    = {http://dblp.uni-trier.de/rec/bib/conf/icsm/FischerPG03},
  bibsource = {dblp computer science bibliography, http://dblp.org}
}



@inproceedings{Allamanis:msr13,
  author    = {Miltiadis Allamanis and
               Charles A. Sutton},
  title     = {Mining source code repositories at massive scale using language modeling},
  booktitle = {10th Working Conference on Mining Software Repositories,
               {MSR}'13},
  pages     = {207--216},
  year      = {2013},
  url       = {http://dx.doi.org/10.1109/MSR.2013.6624029},
  doi       = {10.1109/MSR.2013.6624029},
  timestamp = {Wed, 13 May 2015 17:45:21 +0200},
  biburl    = {http://dblp.uni-trier.de/rec/bib/conf/msr/AllamanisS13a},
  bibsource = {dblp computer science bibliography, http://dblp.org}
}



