%% This BibTeX bibliography file was created using BibDesk.
%% http://bibdesk.sourceforge.net/


%% Created for Na Meng at 2015-03-13 18:14:24 -0500 


%% Saved with string encoding Unicode (UTF-8) 
@inproceedings{ckmetrics:oopsla91,
  author    = {Shyam R. Chidamber and
               Chris F. Kemerer},
  title     = {Towards a Metrics Suite for Object Oriented Design},
  booktitle = {6th Annual {ACM} {SIGPLAN}  Conference on Object-Oriented Programming Systems, Languages, and
               Applications, {OOPSLA}'91},
  pages     = {197--211},
  year      = {1991},
  url       = {http://doi.acm.org/10.1145/117954.117970},
  doi       = {10.1145/117954.117970},
  timestamp = {Tue, 11 Jun 2013 13:07:44 +0200},
  biburl    = {http://dblp.uni-trier.de/rec/bib/conf/oopsla/ChidamberK91},
  bibsource = {dblp computer science bibliography, http://dblp.org}
}


@url{checkstyle,
	Date-Added = {2015-03-13 23:13:50 +0000},
	Date-Modified = {2015-03-13 23:14:24 +0000},
	Title = {http://checkstyle.sourceforge.net},
	Urldate = {2015-03-03}}

@inproceedings{Johnson78lint,
	Author = {S. C. Johnson},
	Booktitle = {COMP. SCI. TECH. REP},
	Date-Added = {2015-03-13 23:05:12 +0000},
	Date-Modified = {2015-03-13 23:08:01 +0000},
	Title = {Lint, a C Program Checker},
	Year = {1978}}

@article{linux:style,
	Author = {The Linux Information Project},
	Journal = {https://www.kernel.org/doc/Documentation/CodingStyle},
	Month = jun,
	Title = {Linux kernel coding style},
	Year = {2005}}

@inproceedings{xing05:umlDiff,
	Author = {Zhenchang Xing and Eleni Stroulia},
	Bibsource = {dblp computer science bibliography, http://dblp.org},
	Biburl = {http://dblp.uni-trier.de/rec/bib/conf/kbse/XingS05},
	Booktitle = {20th {IEEE/ACM} International Conference on Automated Software Engineering, {ASE}'05},
	Doi = {10.1145/1101908.1101919},
	Pages = {54--65},
	Timestamp = {Mon, 13 Feb 2006 15:47:53 +0100},
	Title = {UMLDiff: an algorithm for object-oriented design differencing},
	Url = {http://doi.acm.org/10.1145/1101908.1101919},
	Year = {2005},
	Bdsk-Url-1 = {http://doi.acm.org/10.1145/1101908.1101919},
	Bdsk-Url-2 = {http://dx.doi.org/10.1145/1101908.1101919}}

@inproceedings{miryung07:infer,
	Author = {Miryung Kim and David Notkin and Dan Grossman},
	Bibsource = {dblp computer science bibliography, http://dblp.org},
	Biburl = {http://dblp.uni-trier.de/rec/bib/conf/icse/KimNG07},
	Booktitle = {29th International Conference on Software Engineering, {ICSE}'07},
	Doi = {10.1109/ICSE.2007.20},
	Pages = {333--343},
	Timestamp = {Fri, 01 Jun 2007 14:01:53 +0200},
	Title = {Automatic Inference of Structural Changes for Matching across Program Versions},
	Url = {http://doi.ieeecomputersociety.org/10.1109/ICSE.2007.20},
	Year = {2007},
	Bdsk-Url-1 = {http://doi.ieeecomputersociety.org/10.1109/ICSE.2007.20},
	Bdsk-Url-2 = {http://dx.doi.org/10.1109/ICSE.2007.20}}


@inproceedings{Omnext,
	Author = {Floris P. Engelbertink and Harald H. Vogt},
	Date-Added = {2015-02-28 22:46:45 +0000},
	Date-Modified = {2015-02-28 22:47:35 +0000},
	booktitle = {Omnext},
	Title = {How to save on software maintenance costs},
	Year = {2010}}

@inproceedings{binkley06:userStudy,
	Author = {Dawn Lawrie and Christopher Morrell and Henry Feild and David Binkley},
	Booktitle = {14th International Conference on Program Comprehension, {ICPC}'06},
	Pages = {3--12},
	Title = {What's in a Name? {A} Study of Identifiers},
	Year = {2006}}

@inproceedings{butler:csmr10,
	Author = {Simon Butler and Michel Wermelinger and Yijun Yu and Helen Sharp},
	Bibsource = {dblp computer science bibliography, http://dblp.org},
	Biburl = {http://dblp.uni-trier.de/rec/bib/conf/csmr/ButlerWYS10},
	Booktitle = {14th European Conference on Software Maintenance and Reengineering, {CSMR}'10},
	Doi = {10.1109/CSMR.2010.27},
	Pages = {156--165},
	Timestamp = {Tue, 25 Nov 2014 17:05:17 +0100},
	Title = {Exploring the Influence of Identifier Names on Code Quality: An Empirical Study},
	Url = {http://dx.doi.org/10.1109/CSMR.2010.27},
	Year = {2010},
	Bdsk-Url-1 = {http://dx.doi.org/10.1109/CSMR.2010.27}}

@inproceedings{buse:readability,
	Author = {Raymond P. L. Buse and Westley Weimer},
	Bibsource = {dblp computer science bibliography, http://dblp.org},
	Biburl = {http://dblp1.uni-trier.de/rec/bib/conf/issta/BuseW08},
	Booktitle = {{ACM/SIGSOFT} International Symposium on Software Testing and Analysis, {ISSTA}'08},
	Doi = {10.1145/1390630.1390647},
	Pages = {121--130},
	Timestamp = {Mon, 04 Aug 2008 15:50:23 +0200},
	Title = {A metric for software readability},
	Url = {http://doi.acm.org/10.1145/1390630.1390647},
	Year = {2008},
	Bdsk-Url-1 = {http://doi.acm.org/10.1145/1390630.1390647},
	Bdsk-Url-2 = {http://dx.doi.org/10.1145/1390630.1390647}}

@inproceedings{bulter:wcre09,
	Author = {Simon Butler and Michel Wermelinger and Yijun Yu and Helen Sharp},
	Bibsource = {dblp computer science bibliography, http://dblp.org},
	Biburl = {http://dblp.uni-trier.de/rec/bib/conf/wcre/ButlerWYS99a},
	Booktitle = {16th Working Conference on Reverse Engineering, {WCRE}'09},
	Doi = {10.1109/WCRE.2009.50},
	Pages = {31--35},
	Timestamp = {Tue, 05 Jan 2010 18:58:13 +0100},
	Title = {Relating Identifier Naming Flaws and Code Quality: An Empirical Study},
	Url = {http://doi.ieeecomputersociety.org/10.1109/WCRE.2009.50},
	Year = {2009},
	Bdsk-Url-1 = {http://doi.ieeecomputersociety.org/10.1109/WCRE.2009.50},
	Bdsk-Url-2 = {http://dx.doi.org/10.1109/WCRE.2009.50}}

@inproceedings{boogerd:icsm08,
	Author = {Cathal Boogerd and Leon Moonen},
	Bibsource = {dblp computer science bibliography, http://dblp.org},
	Biburl = {http://dblp.uni-trier.de/rec/bib/conf/icsm/BoogerdM08},
	Booktitle = {24th {IEEE} International Conference on Software Maintenance, {ICSM}'08},
	Doi = {10.1109/ICSM.2008.4658076},
	Pages = {277--286},
	Timestamp = {Wed, 29 Oct 2008 12:29:57 +0100},
	Title = {Assessing the value of coding standards: An empirical study},
	Url = {http://dx.doi.org/10.1109/ICSM.2008.4658076},
	Year = {2008},
	Bdsk-Url-1 = {http://dx.doi.org/10.1109/ICSM.2008.4658076}}

@inproceedings{DBLP:conf/msr/BoogerdM09,
	Author = {Cathal Boogerd and Leon Moonen},
	Bibsource = {dblp computer science bibliography, http://dblp.org},
	Biburl = {http://dblp.uni-trier.de/rec/bib/conf/msr/BoogerdM09},
	Booktitle = {6th International Working Conference on Mining Software Repositories, {MSR}'09},
	Doi = {10.1109/MSR.2009.5069479},
	Pages = {41--50},
	Timestamp = {Wed, 26 May 2010 11:58:56 +0200},
	Title = {Evaluating the relation between coding standard violations and faults within and across software versions},
	Url = {http://dx.doi.org/10.1109/MSR.2009.5069479},
	Year = {2009},
	Bdsk-Url-1 = {http://dx.doi.org/10.1109/MSR.2009.5069479}}

@inproceedings{antoniol:icsm07,
	Author = {Giuliano Antoniol and Yann{-}Ga{\"{e}}l Gu{\'{e}}h{\'{e}}neuc and Ettore Merlo and Paolo Tonella},
	Bibsource = {dblp computer science bibliography, http://dblp.org},
	Biburl = {http://dblp.uni-trier.de/rec/bib/conf/icsm/AntoniolGMT07},
	Booktitle = {23rd {IEEE} International Conference on Software Maintenance, {ICSM}'07},
	Doi = {10.1109/ICSM.2007.4362614},
	Pages = {14--23},
	Timestamp = {Tue, 18 Nov 2008 13:31:49 +0100},
	Title = {Mining the Lexicon Used by Programmers during Software Evolution},
	Url = {http://dx.doi.org/10.1109/ICSM.2007.4362614},
	Year = {2007},
	Bdsk-Url-1 = {http://dx.doi.org/10.1109/ICSM.2007.4362614}}

@inproceedings{abebe:wcre12,
	Author = {Surafel Lemma Abebe and Venera Arnaoudova and Paolo Tonella and Giuliano Antoniol and Yann{-}Ga{\"{e}}l Gu{\'{e}}h{\'{e}}neuc},
	Bibsource = {dblp computer science bibliography, http://dblp.org},
	Biburl = {http://dblp.uni-trier.de/rec/bib/conf/wcre/AbebeATAG12},
	Booktitle = {19th Working Conference on Reverse Engineering, {WCRE}'12},
	Doi = {10.1109/WCRE.2012.33},
	Pages = {235--244},
	Timestamp = {Sat, 05 Jan 2013 18:31:24 +0100},
	Title = {Can Lexicon Bad Smells Improve Fault Prediction?},
	Url = {http://doi.ieeecomputersociety.org/10.1109/WCRE.2012.33},
	Year = {2012},
	Bdsk-Url-1 = {http://doi.ieeecomputersociety.org/10.1109/WCRE.2012.33},
	Bdsk-Url-2 = {http://dx.doi.org/10.1109/WCRE.2012.33}}

@inproceedings{antipattern:CSMR13,
	Author = {Venera Arnaoudova and Massimiliano Di Penta and Giuliano Antoniol and Yann{-}Ga{\"{e}}l Gu{\'{e}}h{\'{e}}neuc},
	Booktitle = {17th European Conference on Software Maintenance and Reengineering, {CSMR}'13},
	Pages = {187--196},
	Title = {A New Family of Software Anti-patterns: Linguistic Anti-patterns},
	Year = {2013}}

@article{repent14:rename,
	Author = {Venera Arnaoudova and Laleh Mousavi Eshkevari and Massimiliano Di Penta and Rocco Oliveto and Giuliano Antoniol and Yann{-}Ga{\"{e}}l Gu{\'{e}}h{\'{e}}neuc},
	Bibsource = {dblp computer science bibliography, http://dblp.org},
	Biburl = {http://dblp.uni-trier.de/rec/bib/journals/tse/ArnaoudovaEPOAG14},
	Doi = {10.1109/TSE.2014.2312942},
	Journal = {{IEEE} Trans. Software Eng.},
	Number = {5},
	Pages = {502--532},
	Timestamp = {Tue, 20 May 2014 16:27:27 +0200},
	Title = {{REPENT:} Analyzing the Nature of Identifier Renamings},
	Url = {http://doi.ieeecomputersociety.org/10.1109/TSE.2014.2312942},
	Volume = {40},
	Year = {2014},
	Bdsk-Url-1 = {http://doi.ieeecomputersociety.org/10.1109/TSE.2014.2312942},
	Bdsk-Url-2 = {http://dx.doi.org/10.1109/TSE.2014.2312942}}

@inproceedings{suzuki14:ngram,
	Author = {Takayuki Suzuki and Kazunori Sakamoto and Fuyuki Ishikawa and Shinichi Honiden},
	Booktitle = {22nd International Conference on Program Comprehension, {ICPC}'14},
	Pages = {271--274},
	Title = {An approach for evaluating and suggesting method names using n-gram models},
	Year = {2014}}

@inproceedings{lancelot:PEPM12,
	Author = {Edvard K. Karlsen and Einar W. H{\o}st and Bjarte M. {\O}stvold},
	Booktitle = {{ACM} {SIGPLAN} 2012 Workshop on Partial Evaluation and Program Manipulation, {PEPM}'12},
	Pages = {35--38},
	Title = {Finding and fixing Java naming bugs with the lancelot eclipse plugin},
	Year = {2012}}

@inproceedings{AMAP:expand,
	Author = {Emily Hill and Zachary P. Fry and Haley Boyd and Giriprasad Sridhara and Yana Novikova and Lori L. Pollock and K. Vijay{-}Shanker},
	Booktitle = {5th International Working Conference on Mining Software Repositories, {MSR}'08},
	Pages = {79--88},
	Title = {{AMAP:} automatically mining abbreviation expansions in programs to enhance software maintenance tools},
	Year = {2008}}

@inproceedings{TRIS:WCRE12,
	Author = {Latifa Guerrouj and Philippe Galinier and Yann{-}Ga{\"{e}}l Gu{\'{e}}h{\'{e}}neuc and Giuliano Antoniol and Massimiliano Di Penta},
	Booktitle = {19th Working Conference on Reverse Engineering, {WCRE}'12},
	Pages = {103--112},
	Title = {{TRIS:} {A} Fast and Accurate Identifiers Splitting and Expansion Algorithm},
	Year = {2012}}

@article{TIDIER:JSEP13,
	Author = {Latifa Guerrouj and Massimiliano Di Penta and Giuliano Antoniol and Yann{-}Ga{\"{e}}l Gu{\'{e}}h{\'{e}}neuc},
	Bibsource = {dblp computer science bibliography, http://dblp.org},
	Biburl = {http://dblp.uni-trier.de/rec/bib/journals/smr/GuerroujPAG13},
	Doi = {10.1002/smr.539},
	Journal = {Journal of Software: Evolution and Process},
	Number = {6},
	Pages = {575--599},
	Timestamp = {Mon, 22 Jul 2013 15:41:50 +0200},
	Title = {{TIDIER:} an identifier splitting approach using speech recognition techniques},
	Url = {http://dx.doi.org/10.1002/smr.539},
	Volume = {25},
	Year = {2013},
	Bdsk-Url-1 = {http://dx.doi.org/10.1002/smr.539}}

@inproceedings{LINSEN:ICSM12,
	Author = {Anna Corazza and Sergio Di Martino and Valerio Maggio},
	Booktitle = {28th {IEEE} International Conference on Software Maintenance, {ICSM}'12},
	Pages = {233--242},
	Title = {{LINSEN:} An efficient approach to split identifiers and expand abbreviations},
	Year = {2012}}

@inproceedings{ccnames:Pizka06,
	Author = {Florian Dei{\ss}enb{\"{o}}ck and Markus Pizka},
	Booktitle = {13th International Workshop on Program Comprehension, {IWPC}'05},
	Pages = {97--106},
	Title = {Concise and Consistent Naming},
	Year = {2005}}

@inproceedings{syntacticcc:SCAM06,
	Author = {Dawn Lawrie and Henry Feild and David Binkley},
	Booktitle = {6th {IEEE} International Workshop on Source Code Analysis and Manipulation, {SCAM}'06},
	Pages = {139--148},
	Title = {Syntactic Identifier Conciseness and Consistency},
	Year = {2006}}

@inproceedings{caprile:reconstruct,
	Author = {Bruno Caprile and Paolo Tonella},
	Bibsource = {dblp computer science bibliography, http://dblp.org},
	Biburl = {http://dblp.uni-trier.de/rec/bib/conf/icsm/CaprileT00},
	Booktitle = {18th {IEEE} International Conference on Software Maintenance, {ICSM}'00},
	Pages = {97--107},
	Timestamp = {Mon, 14 Jan 2002 11:56:05 +0100},
	Title = {Restructuring Program Identifier Names},
	Url = {http://computer.org/proceedings/icsm/0753/07530097abs.htm},
	Year = {2000},
	Bdsk-Url-1 = {http://computer.org/proceedings/icsm/0753/07530097abs.htm}}

@inproceedings{host10:canonical,
	Author = {Einar W. H{\o}st and Bjarte M. {\O}stvold},
	Booktitle = {3rd Software Language Engineering, {SLE}'10},
	Pages = {226--245},
	Title = {Canonical Method Names for Java - Using Implementation Semantics to Identify Synonymous Verbs},
	Year = {2010}}

@inproceedings{samurai:msr09,
	Author = {Eric Enslen and Emily Hill and Lori L. Pollock and K. Vijay{-}Shanker},
	Booktitle = {6th International Working Conference on Mining Software Repositories, {MSR}'09},
	Pages = {71--80},
	Title = {Mining source code to automatically split identifiers for software analysis},
	Year = {2009}}

@article{wordnet95:miller,
	Author = {George A. Miller},
	Bibsource = {dblp computer science bibliography, http://dblp.org},
	Biburl = {http://dblp.uni-trier.de/rec/bib/journals/cacm/Miller95},
	Doi = {10.1145/219717.219748},
	Journal = {Commun. {ACM}},
	Number = {11},
	Pages = {39--41},
	Timestamp = {Tue, 07 Jun 2011 16:52:42 +0200},
	Title = {WordNet: {A} Lexical Database for English},
	Url = {http://doi.acm.org/10.1145/219717.219748},
	Volume = {38},
	Year = {1995},
	Bdsk-Url-1 = {http://doi.acm.org/10.1145/219717.219748},
	Bdsk-Url-2 = {http://dx.doi.org/10.1145/219717.219748}}

@inproceedings{SEWordSim:ICSE14,
	Author = {Yuan Tian and David Lo and Julia L. Lawall},
	Booktitle = {36th International Conference on Software Engineering, {ICSE}'14},
	Pages = {568--571},
	Title = {SEWordSim: software-specific word similarity database},
	Year = {2014}}

@inproceedings{yangMSR12:semWord,
	Author = {Jinqiu Yang and Lin Tan},
	Booktitle = {9th {IEEE} Working Conference of Mining Software Repositories, {MSR}'12},
	Pages = {161--170},
	Title = {Inferring semantically related words from software context},
	Year = {2012}}

@inproceedings{birdfse14:convension,
	Author = {Miltiadis Allamanis and Earl T. Barr and Christian Bird and Charles A. Sutton},
	Booktitle = {22nd {ACM} {SIGSOFT} International Symposium on Foundations of Software Engineering, {FSE}'14},
	Pages = {281--293},
	Title = {Learning natural coding conventions},
	Year = {2014}}

@inproceedings{Liblit06:cognitive,
	Author = {Ben Liblit and Andrew Begel and Eve Sweetser},
	Booktitle = {18th Annual Psychology of Programming Workshop},
	Title = {Cognitive perspectives on the role of naming in computer programs},
	Year = {2006}}

@inproceedings{pollock10:autodoc,
	Author = {Giriprasad Sridhara and Emily Hill and Divya Muppaneni and Lori L. Pollock and K. Vijay{-}Shanker},
	Booktitle = {25th {IEEE/ACM} International Conference on Automated Software Engineering, {ASE}'10},
	Pages = {43--52},
	Title = {Towards automatically generating summary comments for Java methods},
	Year = {2010}}

@inproceedings{nameBug:ECOOP09,
	Author = {Einar W. H{\o}st and Bjarte M. {\O}stvold},
	Booktitle = {23rd European Conference of Object-Oriented Programming, {ECOOP}'09},
	Pages = {294--317},
	Title = {Debugging Method Names},
	Year = {2009}}
