%%%%%%Algorithm %%%%%%%

@ARTICLE{porter:stemmer,
	AUTHOR = "M. F. Porter",
	TITLE = "An algorithm for suffix stripping",
	JOURNAL = "Readings in information retrieval",
	PAGES = {313-316},
	YEAR = {1997}	}

@inproceedings{FindBug:OOPSLA06,
  author    = {Brian Cole and
               Daniel Hakim and
               David Hovemeyer and
               Reuven Lazarus and
               William Pugh and
               Kristin Stephens},
  title     = {Improving your software using static analysis to find bugs},
  booktitle = {21th Annual {ACM} {SIGPLAN} Conference on Object-Oriented
               Programming, Systems, Languages, and Applications, {OOPSLA}'06},
  pages     = {673--674},
  year      = {2006}
}


@article{defays77:completeLink,
  author    = {D. Defays},
  title     = {An Efficient Algorithm for a Complete Link Method},
  journal   = {Comput. J.},
  volume    = {20},
  number    = {4},
  pages     = {364--366},
  year      = {1977},
  url       = {http://dx.doi.org/10.1093/comjnl/20.4.364},
  doi       = {10.1093/comjnl/20.4.364},
  timestamp = {Tue, 28 Jun 2011 15:15:09 +0200},
  biburl    = {http://dblp.uni-trier.de/rec/bib/journals/cj/Defays77},
  bibsource = {dblp computer science bibliography, http://dblp.org}
}

@inproceedings{ rinard05:purity,
  author    = {Alexandru Salcianu and
               Martin C. Rinard},
  title     = {Purity and Side Effect Analysis for Java Programs},
  booktitle = {6th International Conference of Verification, Model Checking, and Abstract Interpretation, , {VMCAI}'05},
  pages     = {199--215},
  year      = {2005}
}

@inproceedings{sootPurity07:xu,
  author    = {Haiying Xu and
               Christopher J. F. Pickett and
               Clark Verbrugge},
  title     = {Dynamic purity analysis for java programs},
  booktitle = {7th {ACM} {SIGPLAN-SIGSOFT} Workshop on Program
               Analysis for Software Tools and Engineering, PASTE'07},
  pages     = {75--82},
  year      = {2007}
}

@inproceedings{postagger04:stanford,
  author    = {Kristina Toutanova and
               Dan Klein and
               Christopher D. Manning and
               Yoram Singer},
  title     = {Feature-Rich Part-of-Speech Tagging with a Cyclic Dependency Network},
  booktitle = {{HLT-NAACL}},
  year      = {2003},
  url       = {http://acl.ldc.upenn.edu/N/N03/N03-1033.pdf},
  timestamp = {Fri, 27 Feb 2004 10:08:28 +0100},
  biburl    = {http://dblp.uni-trier.de/rec/bib/conf/naacl/ToutanovaKMS03},
  bibsource = {dblp computer science bibliography, http://dblp.org}
}

@article{Weiser84:slicing,
  author    = {Mark Weiser},
  title     = {Program Slicing},
  journal   = {{IEEE} Trans. Software Eng.},
  volume    = {10},
  number    = {4},
  pages     = {352--357},
  year      = {1984},
  url       = {http://doi.ieeecomputersociety.org/10.1109/TSE.1984.5010248},
  doi       = {10.1109/TSE.1984.5010248},
  timestamp = {Mon, 07 Nov 2011 16:59:24 +0100},
  biburl    = {http://dblp.uni-trier.de/rec/bib/journals/tse/Weiser84},
  bibsource = {dblp computer science bibliography, http://dblp.org}
}

@article{editDistance:Navarro01,
  author    = {Gonzalo Navarro},
  title     = {A guided tour to approximate string matching},
  journal   = {{ACM} Comput. Surv.},
  volume    = {33},
  number    = {1},
  pages     = {31--88},
  year      = {2001},
  url       = {http://doi.acm.org/10.1145/375360.375365},
  doi       = {10.1145/375360.375365},
  timestamp = {Wed, 19 Nov 2003 13:42:56 +0100},
  biburl    = {http://dblp.uni-trier.de/rec/bib/journals/csur/Navarro01},
  bibsource = {dblp computer science bibliography, http://dblp.org}
}

@article{park09:kmedoids,
  author    = {Hae{-}Sang Park and
               Chi{-}Hyuck Jun},
  title     = {A simple and fast algorithm for K-medoids clustering},
  journal   = {Expert Syst. Appl.},
  volume    = {36},
  number    = {2},
  pages     = {3336--3341},
  year      = {2009},
  url       = {http://dx.doi.org/10.1016/j.eswa.2008.01.039},
  doi       = {10.1016/j.eswa.2008.01.039},
  timestamp = {Fri, 02 Oct 2009 10:55:39 +0200},
  biburl    = {http://dblp.uni-trier.de/rec/bib/journals/eswa/ParkJ09},
  bibsource = {dblp computer science bibliography, http://dblp.org}
}

@inproceedings{votta00:bugLocate,
  author    = {Audris Mockus and
               Lawrence G. Votta},
  title     = {Identifying Reasons for Software Changes using Historic Databases},
  booktitle = {16th {IEEE} International Conference on Software Maintenance, {ICSM}'00},
  pages     = {120--130},
  year      = {2000},
  url       = {http://computer.org/proceedings/icsm/0753/07530120abs.htm},
  timestamp = {Mon, 14 Jan 2002 11:56:05 +0100},
  biburl    = {http://dblp.uni-trier.de/rec/bib/conf/icsm/MockusV00},
  bibsource = {dblp computer science bibliography, http://dblp.org}
}

@inproceedings{fisher:keyword03,
  author    = {Michael Fischer and
               Martin Pinzger and
               Harald Gall},
  title     = {Populating a Release History Database from Version Control and Bug
               Tracking Systems},
  booktitle = {19th International Conference on Software Maintenance, {ICSM}'03},
  pages     = {23},
  year      = {2003},
  url       = {http://doi.ieeecomputersociety.org/10.1109/ICSM.2003.1235403},
  doi       = {10.1109/ICSM.2003.1235403},
  timestamp = {Wed, 26 Oct 2011 11:59:59 +0200},
  biburl    = {http://dblp.uni-trier.de/rec/bib/conf/icsm/FischerPG03},
  bibsource = {dblp computer science bibliography, http://dblp.org}
}


%%%%%%%%% Usage pattern
@inproceedings{meng:lase,
  author    = {Na Meng and
               Miryung Kim and
               Kathryn S. McKinley},
  title     = {{LASE:} locating and applying systematic edits by learning from examples},
  booktitle = {35th International Conference on Software Engineering, {ICSE}'13},
  pages     = {502--511},
  year      = {2013}
}
	
	@inproceedings{meng:sydit,
  author    = {Na Meng and
               Miryung Kim and
               Kathryn S. McKinley},
  title     = {Systematic editing: generating program transformations from an example},
  booktitle = {32nd {ACM} {SIGPLAN} Conference on Programming
               Language Design and Implementation, {PLDI}'11},
  pages     = {329--342},
  year      = {2011}
}

	@inproceedings{nguyen:usagePattern09,
  author    = {Tung Thanh Nguyen and
               Hoan Anh Nguyen and
               Nam H. Pham and
               Jafar M. Al{-}Kofahi and
               Tien N. Nguyen},
  title     = {Graph-based mining of multiple object usage patterns},
  booktitle = {17th {ACM} {SIGSOFT} International Symposium on Foundations of Software Engineering, {FSE}'09},
  pages     = {383--392},
  year      = {2009}
}

@inproceedings{tao09:MAPO,
  author    = {Hao Zhong and
               Tao Xie and
               Lu Zhang and
               Jian Pei and
               Hong Mei},
  title     = {{MAPO:} Mining and Recommending {API} Usage Patterns},
  booktitle = {23rd European Conference of Object-Oriented Programming, {ECOOP}'09},
  pages     = {318--343},
  year      = {2009}
}




@inproceedings{xUsage:nguyen10,
  author    = {Hoan Anh Nguyen and
               Tung Thanh Nguyen and
               Gary Wilson Jr. and
               Anh Tuan Nguyen and
               Miryung Kim and
               Tien N. Nguyen},
  title     = {A graph-based approach to {API} usage adaptation},
  booktitle = {25th Annual {ACM} {SIGPLAN} Conference on Object-Oriented
               Programming, Systems, Languages, and Applications, {OOPSLA}'10},
  pages     = {302--321},
  year      = {2010}
}



@inproceedings{zellerfse07:usageAbnormal,
  author    = {Andrzej Wasylkowski and
               Andreas Zeller and
               Christian Lindig},
  title     = {Detecting object usage anomalies},
  booktitle = {15th {ACM} {SIGSOFT} International Symposium on Foundations of Software Engineering, {FSE}'07},
  pages     = {35--44},
  year      = {2007}
}

@inproceedings{weimericse12:synthesize,
  author    = {Raymond P. L. Buse and
               Westley Weimer},
  title     = {Synthesizing {API} usage examples},
  booktitle = {34th International Conference on Software Engineering, {ICSE}'12},
  pages     = {782--792},
  year      = {2012}
}


@inproceedings{nguyen:codeComplete,
  author    = {Anh Tuan Nguyen and
               Tung Thanh Nguyen and
               Hoan Anh Nguyen and
               Ahmed Tamrawi and
               Hung Viet Nguyen and
               Jafar M. Al{-}Kofahi and
               Tien N. Nguyen},
  title     = {Graph-based pattern-oriented, context-sensitive source code completion},
  booktitle = {34th International Conference on Software Engineering, {ICSE}'12},
  pages     = {69--79},
  year      = {2012},
  url       = {http://dx.doi.org/10.1109/ICSE.2012.6227205},
  doi       = {10.1109/ICSE.2012.6227205},
  timestamp = {Mon, 10 Sep 2012 14:08:11 +0200},
  biburl    = {http://dblp.uni-trier.de/rec/bib/conf/icse/NguyenNNTNAN12},
  bibsource = {dblp computer science bibliography, http://dblp.org}
}

@inproceedings{cookbook:icse14,
  author    = {John Jacobellis and
               Na Meng and
               Miryung Kim},
  title     = {Cookbook: in situ code completion using edit recipes learned from
               examples},
  booktitle = {36th International Conference on Software Engineering, {ICSE}'14},
  pages     = {584--587},
  year      = {2014},
  url       = {http://doi.acm.org/10.1145/2591062.2591076},
  doi       = {10.1145/2591062.2591076},
  timestamp = {Sun, 18 May 2014 16:37:37 +0200},
  biburl    = {http://dblp.uni-trier.de/rec/bib/conf/icse/JacobellisMK14},
  bibsource = {dblp computer science bibliography, http://dblp.org}
}

@inproceedings{na:lase,
  author    = {Na Meng and
               Miryung Kim and
               Kathryn S. McKinley},
  title     = {{LASE:} locating and applying systematic edits by learning from examples},
  booktitle = {35th International Conference on Software Engineering, {ICSE}'13},
  pages     = {502--511},
  year      = {2013},
  url       = {http://dl.acm.org/citation.cfm?id=2486855},
  timestamp = {Tue, 21 May 2013 09:47:28 +0200},
  biburl    = {http://dblp.uni-trier.de/rec/bib/conf/icse/MengKM13},
  bibsource = {dblp computer science bibliography, http://dblp.org}
}



%%%%%%% Refactoring 
@inproceedings{kimfse12:fieldStudy,
  author    = {Miryung Kim and
               Thomas Zimmermann and
               Nachiappan Nagappan},
  title     = {A field study of refactoring challenges and benefits},
  booktitle = {20th {ACM} {SIGSOFT} Symposium on the Foundations of Software Engineering, {FSE}'12},
  pages     = {50},
  year      = {2012},
  url       = {http://doi.acm.org/10.1145/2393596.2393655},
  doi       = {10.1145/2393596.2393655},
  timestamp = {Wed, 14 Nov 2012 12:22:39 +0100},
  biburl    = {http://dblp.uni-trier.de/rec/bib/conf/sigsoft/KimZN12},
  bibsource = {dblp computer science bibliography, http://dblp.org}
}
@inproceedings{kim:icse11,
  author    = {Miryung Kim and
               Dongxiang Cai and
               Sunghun Kim},
  title     = {An empirical investigation into the role of API-level refactorings
               during software evolution},
  booktitle = {33rd International Conference on Software Engineering,
               {ICSE}'11},
  pages     = {151--160},
  year      = {2011},
  biburl    = {http://dblp.uni-trier.de/rec/bib/conf/icse/KimCK11},
  bibsource = {dblp computer science bibliography, http://dblp.org}
}
@inproceedings{MurphyHill:icse09,
  author    = {Emerson R. Murphy{-}Hill and
               Chris Parnin and
               Andrew P. Black},
  title     = {How we refactor, and how we know it},
  booktitle = {31st International Conference on Software Engineering, {ICSE}'09},
  pages     = {287--297},
  year      = {2009},
  doi       = {10.1109/ICSE.2009.5070529},
  timestamp = {Tue, 16 Jun 2009 14:50:36 +0200},
  biburl    = {http://dblp.uni-trier.de/rec/bib/conf/icse/Murphy-HillPB09},
  bibsource = {dblp computer science bibliography, http://dblp.org}
}

@inproceedings{kremenekWarn:fse04,
  author    = {Ted Kremenek and
               Ken Ashcraft and
               Junfeng Yang and
               Dawson R. Engler},
  title     = {Correlation exploitation in error ranking},
  booktitle = {12th {ACM} {SIGSOFT} International Symposium on
               Foundations of Software Engineering, {FSE}'04},
  pages     = {83--93},
  year      = {2004},
  url       = {http://doi.acm.org/10.1145/1029894.1029909},
  doi       = {10.1145/1029894.1029909},
  timestamp = {Wed, 15 Feb 2006 09:53:17 +0100},
  biburl    = {http://dblp.uni-trier.de/rec/bib/conf/sigsoft/KremenekAYE04},
  bibsource = {dblp computer science bibliography, http://dblp.org}
}
