@inproceedings{shifu,
	Title = {Build Error}, 
	booktitle={https://travis-ci.org/lisahua/shifu/builds/29112815}, 
	year={last visited 1/15/2016}}
	
@inproceedings{maven:note,
	Title = {Maven Release Note}, 
	booktitle={https://maven.apache.org/docs/3.2.1/release-notes.html}, 
	year={last visited 1/15/2016}}
	
@inproceedings{maven:hell,
author={Tim O Brien},
	Title = {Maven-3.2.1 provides a new cure for dependency hell}, 
	booktitle={http://discursive.com/2014/03/17/maven-3-2-1-provides-a-new-cure-for-dependency-hell/},
	 year={last visited 1/15/2016}}
	
@inproceedings{nix,
author={Pjotr Prins and Jeeva Suresh  and Eelco Dolstra},
	Title = {Nix fixes dependency hell on all Linux distributions}, 
	booktitle={http://archive09.linux.com/feature/155922}, 
	year={last visited 1/15/2016}}
	
@inproceedings{maven:enforcer,
author={},
	Title = {Maven-Enforcer: Ban Transitive Dependencies}, 
	booktitle={https://maven.apache.org/enforcer/enforcer-rules/}, 
	year={last visited 1/15/2016}}
	
@inproceedings{maven:internet,
author={},
	Title = {Maven always downloads the whole internet}, 
	booktitle={http://softwaremavens.blogspot.com/2010/01/top-10-reasons-why-maven-sucksnot.html}, 
	year={last visited 1/15/2016}}	
	
	
	@inproceedings{wiki:hell,
author={Wikipedia},
	Title = {Dependency Hell}, 
	booktitle={https://en.wikipedia.org/wiki/Dependency\_hell}, 
	year={last visited 1/15/2016}}	
		
	@inproceedings{maven:depend,
author={Maven},
	Title = {Transitive Dependencies}, 
	booktitle={https://maven.apache.org/guides/introduction/introduction-to-dependency-mechanism.html}, 
	year={last visited 1/15/2016}}	


@inproceedings{maven:enforcer,
author={Maven Enforcer Plugin},
	Title = {Ban Transitive Dependencies}, 
	booktitle={https://maven.apache.org/enforcer/enforcer-rules/banTransitiveDependencies.html}, 
	year={last visited 1/15/2016}}	
	
	@inproceedings{bazel:depend,
author={Bazel Documentation},
	Title = {Transitive dependencies}, 
	booktitle={http://bazel.io/docs/external.html}, 
	year={last visited 1/15/2016}}	
	
	
	
	
@inproceedings{bogart:backward,
  author    = {C. Bogart and Christian K{\"{a}}stner and J. Herbsleb},
  title     = {When it Breaks, it Breaks: How Ecosystem Developers Reason About the Stability of Dependencies},
  booktitle = {Proceedings of the ASE Workshop on Software Support for Collaborative and Global Software Engineering (SCGSE) 2015},
  year      = {2015}
}

@inproceedings{Welsch:backward12,
  author    = {Yannick Welsch and
               Arnd Poetzsch{-}Heffter},
  title     = {Verifying backwards compatibility of object-oriented libraries using
               Boogie},
  booktitle = {Proceedings of the 14th Workshop on Formal Techniques for Java-like
               Programs, FTfJP 2012, Beijing, China, June 12, 2012},
  pages     = {35--41},
  year      = {2012}
}