



@inproceedings{MUSE:MarcusICSE15,
  author    = {Laura Moreno and
               Gabriele Bavota and
               Massimiliano Di Penta and
               Rocco Oliveto and
               Andrian Marcus},
  title     = {How Can {I} Use This Method?},
  booktitle = {37th {IEEE/ACM} International Conference on Software Engineering,
               {ICSE} 2015, Florence, Italy, May 16-24, 2015, Volume 1},
  pages     = {880--890},
  year      = {2015}
}

@inproceedings{Export:DenysASE13,
  author    = {Evan Moritz and
               Mario Linares V{\'{a}}squez and
               Denys Poshyvanyk and
               Mark Grechanik and
               Collin McMillan and
               Malcom Gethers},
  title     = {ExPort: Detecting and visualizing {API} usages in large source code
               repositories},
  booktitle = {2013 28th {IEEE/ACM} International Conference on Automated Software
               Engineering, {ASE} 2013, Silicon Valley, CA, USA, November 11-15,
               2013},
  pages     = {646--651},
  year      = {2013}
}

@inproceedings{MAPO:ECOOP09,
  author    = {Hao Zhong and
               Tao Xie and
               Lu Zhang and
               Jian Pei and
               Hong Mei},
  title     = {{MAPO:} Mining and Recommending {API} Usage Patterns},
  booktitle = {{ECOOP} 2009 - Object-Oriented Programming, 23rd European Conference,
               Genoa, Italy, July 6-10, 2009. Proceedings},
  pages     = {318--343},
  year      = {2009}
}

@inproceedings{UPMiner:MSR13,
  author    = {Jue Wang and
               Yingnong Dang and
               Hongyu Zhang and
               Kai Chen and
               Tao Xie and
               Dongmei Zhang},
  title     = {Mining succinct and high-coverage {API} usage patterns from source
               code},
  booktitle = {Proceedings of the 10th Working Conference on Mining Software Repositories,
               {MSR} '13, San Francisco, CA, USA, May 18-19, 2013},
  pages     = {319--328},
  year      = {2013}
}

@inproceedings{Prompter:MSR14,
  author    = {Luca Ponzanelli and
               Gabriele Bavota and
               Massimiliano Di Penta and
               Rocco Oliveto and
               Michele Lanza},
  title     = {Mining StackOverflow to turn the {IDE} into a self-confident programming
               prompter},
  booktitle = {11th Working Conference on Mining Software Repositories, {MSR} 2014,
               Proceedings, May 31 - June 1, 2014, Hyderabad, India},
  pages     = {102--111},
  year      = {2014}
}

@inproceedings{Ying:FSE14,
  author    = {Annie T. T. Ying and
               Martin P. Robillard},
  title     = {Selection and presentation practices for code example summarization},
  booktitle = {Proceedings of the 22nd {ACM} {SIGSOFT} International Symposium on
               Foundations of Software Engineering, (FSE-22), Hong Kong, China, November
               16 - 22, 2014},
  pages     = {460--471},
  year      = {2014}
}

@inproceedings{parseWeb:ASE07,
  author    = {Suresh Thummalapenta and
               Tao Xie},
  title     = {Parseweb: a programmer assistant for reusing open source code on the
               web},
  booktitle = {22nd {IEEE/ACM} International Conference on Automated Software Engineering
               {(ASE} 2007), November 5-9, 2007, Atlanta, Georgia, {USA}},
  pages     = {204--213},
  year      = {2007}
}

@inproceedings{Portfolio:DenysICSE11,
  author    = {Collin McMillan and
               Mark Grechanik and
               Denys Poshyvanyk and
               Qing Xie and
               Chen Fu},
  title     = {Portfolio: finding relevant functions and their usage},
  booktitle = {Proceedings of the 33rd International Conference on Software Engineering,
               {ICSE} 2011, Waikiki, Honolulu , HI, USA, May 21-28, 2011},
  pages     = {111--120},
  year      = {2011}
}

@article{Sourcerer:SC14,
  author    = {Sushil Krishna Bajracharya and
               Joel Ossher and
               Cristina Videira Lopes},
  title     = {Sourcerer: An infrastructure for large-scale collection and analysis
               of open-source code},
  journal   = {Sci. Comput. Program.},
  volume    = {79},
  pages     = {241--259},
  year      = {2014},
  url       = {http://dx.doi.org/10.1016/j.scico.2012.04.008},
  doi       = {10.1016/j.scico.2012.04.008},
  timestamp = {Tue, 29 Oct 2013 10:53:14 +0100},
  biburl    = {http://dblp.uni-trier.de/rec/bib/journals/scp/BajracharyaOL14},
  bibsource = {dblp computer science bibliography, http://dblp.org}
}


@inproceedings{famix:00,
  author    = {Sander Tichelaar and
               St{\'{e}}phane Ducasse and
               Serge Demeyer},
  title     = {{FAMIX} and {XMI}},
  booktitle = {Proceedings of the Seventh Working Conference on Reverse Engineering,
               WCRE'00, Brisbane, Australia, November 23-25, 2000},
  pages     = {296--298},
  year      = {2000}
}



@inproceedings{SSI:FSE10,
  author    = {Sushil Krishna Bajracharya and
               Joel Ossher and
               Cristina Videira Lopes},
  title     = {Leveraging usage similarity for effective retrieval of examples in
               code repositories},
  booktitle = {Proceedings of the 18th {ACM} {SIGSOFT} International Symposium on
               Foundations of Software Engineering, 2010, Santa Fe, NM, USA, November
               7-11, 2010},
  pages     = {157--166},
  year      = {2010}
}

@inproceedings{Buse:apiICSE12,
  author    = {Raymond P. L. Buse and
               Westley Weimer},
  title     = {Synthesizing {API} usage examples},
  booktitle = {34th International Conference on Software Engineering, {ICSE} 2012,
               June 2-9, 2012, Zurich, Switzerland},
  pages     = {782--792},
  year      = {2012}
}



@inproceedings{LASE:ICSE13,
  author    = {Na Meng and
               Miryung Kim and
               Kathryn S. McKinley},
  title     = {{LASE:} locating and applying systematic edits by learning from examples},
  booktitle = {35th International Conference on Software Engineering, {ICSE} '13,
               San Francisco, CA, USA, May 18-26, 2013},
  pages     = {502--511},
  year      = {2013}
}

@inproceedings{Grapacc:ICSE12,
  author    = {Anh Tuan Nguyen and
               Tung Thanh Nguyen and
               Hoan Anh Nguyen and
               Ahmed Tamrawi and
               Hung Viet Nguyen and
               Jafar M. Al{-}Kofahi and
               Tien N. Nguyen},
  title     = {Graph-based pattern-oriented, context-sensitive source code completion},
  booktitle = {34th International Conference on Software Engineering, {ICSE} 2012,
               June 2-9, 2012, Zurich, Switzerland},
  pages     = {69--79},
  year      = {2012}
}



@inproceedings{CodeHint:ICSE14,
  author    = {Joel Galenson and
               Philip Reames and
               Rastislav Bod{\'{\i}}k and
               Bj{\"{o}}rn Hartmann and
               Koushik Sen},
  title     = {CodeHint: dynamic and interactive synthesis of code snippets},
  booktitle = {36th International Conference on Software Engineering, {ICSE} '14,
               Hyderabad, India - May 31 - June 07, 2014},
  pages     = {653--663},
  year      = {2014}
}

@inproceedings{Prime:OOPSLA12,
  author    = {Alon Mishne and
               Sharon Shoham and
               Eran Yahav},
  title     = {Typestate-based semantic code search over partial programs},
  booktitle = {Proceedings of the 27th Annual {ACM} {SIGPLAN} Conference on Object-Oriented
               Programming, Systems, Languages, and Applications, {OOPSLA} 2012,
               part of {SPLASH} 2012, Tucson, AZ, USA, October 21-25, 2012},
  pages     = {997--1016},
  year      = {2012}
}

@inproceedings{Reiss:semanticSearch09,
  author    = {Steven P. Reiss},
  title     = {Semantics-based code search},
  booktitle = {31st International Conference on Software Engineering, {ICSE} 2009,
               May 16-24, 2009, Vancouver, Canada, Proceedings},
  pages     = {243--253},
  year      = {2009}
}


@inproceedings{Gvero:ICSE15,
  author    = {Tihomir Gvero and
               Viktor Kuncak},
  title     = {Interactive Synthesis Using Free-Form Queries},
  booktitle = {37th {IEEE/ACM} International Conference on Software Engineering,
               {ICSE} 2015, Florence, Italy, May 16-24, 2015, Volume 2},
  pages     = {689--692},
  year      = {2015}
}

@inproceedings{CodeSearch:FSE15,
  author    = {Caitlin Sadowski and
               Kathryn T. Stolee and
               Sebastian G. Elbaum},
  title     = {How developers search for code: a case study},
  booktitle = {Proceedings of the 2015 10th Joint Meeting on Foundations of Software
               Engineering, {ESEC/FSE} 2015, Bergamo, Italy, August 30 - September
               4, 2015},
  pages     = {191--201},
  year      = {2015}
}


@inproceedings{queryExpand:MSR14,
  author    = {Ot{\'{a}}vio Augusto Lazzarini Lemos and
               Adriano Carvalho de Paula and
               Felipe Capodifoglio Zanichelli and
               Cristina Videira Lopes},
  title     = {Thesaurus-based automatic query expansion for interface-driven code
               search},
  booktitle = {11th Working Conference on Mining Software Repositories, {MSR} 2014,
               Proceedings, May 31 - June 1, 2014, Hyderabad, India},
  pages     = {212--221},
  year      = {2014}
}

@inproceedings{queryReform:ICSE13,
  author    = {Sonia Haiduc and
               Gabriele Bavota and
               Andrian Marcus and
               Rocco Oliveto and
               Andrea De Lucia and
               Tim Menzies},
  title     = {Automatic query reformulations for text retrieval in software engineering},
  booktitle = {35th International Conference on Software Engineering, {ICSE} '13,
               San Francisco, CA, USA, May 18-26, 2013},
  pages     = {842--851},
  year      = {2013}}







