%%%Martin Robillard

@article{Robillard:TSE04,
  author    = {Martin P. Robillard and
               Wesley Coelho and
               Gail C. Murphy},
  title     = {How Effective Developers Investigate Source Code: An Exploratory Study},
  journal   = {{IEEE} Trans. Software Eng.},
  volume    = {30},
  number    = {12},
  pages     = {889--903},
  year      = {2004},
  url       = {http://doi.ieeecomputersociety.org/10.1109/TSE.2004.101},
  doi       = {10.1109/TSE.2004.101},
  timestamp = {Mon, 07 Nov 2011 16:59:24 +0100},
  biburl    = {http://dblp.uni-trier.de/rec/bib/journals/tse/RobillardCM04},
  bibsource = {dblp computer science bibliography, http://dblp.org}
}

@inproceedings{Robillard:FSE05,
  author    = {Martin P. Robillard},
  title     = {Automatic generation of suggestions for program investigation},
  booktitle = {Proceedings of the 10th European Software Engineering Conference held
               jointly with 13th {ACM} {SIGSOFT} International Symposium on Foundations
               of Software Engineering, 2005, Lisbon, Portugal, September 5-9, 2005},
  pages     = {11--20},
  year      = {2005}
  }



@inproceedings{Holmes:ASE09,
  author    = {Reid Holmes and
               Tristan Ratchford and
               Martin P. Robillard and
               Robert J. Walker},
  title     = {Automatically Recommending Triage Decisions for Pragmatic Reuse Tasks},
  booktitle = {{ASE} 2009, 24th {IEEE/ACM} International Conference on Automated
               Software Engineering, Auckland, New Zealand, November 16-20, 2009},
  pages     = {397--408},
  year      = {2009}
}

@inproceedings{Holmes:structural05,
  author    = {Reid Holmes and
               Gail C. Murphy},
  title     = {Using structural context to recommend source code examples},
  booktitle = {27th International Conference on Software Engineering {(ICSE} 2005),
               15-21 May 2005, St. Louis, Missouri, {USA}},
  pages     = {117--125},
  year      = {2005}
}

%%Zimmermann and Nagappan
@inproceedings{Zimmermann:ICSE08,
  author    = {Thomas Zimmermann and
               Nachiappan Nagappan},
  title     = {Predicting defects using network analysis on dependency graphs},
  booktitle = {30th International Conference on Software Engineering {(ICSE} 2008),
               Leipzig, Germany, May 10-18, 2008},
  pages     = {531--540},
  year      = {2008}
}

@inproceedings{Nagappan:ICSE06,
  author    = {Nachiappan Nagappan and
               Thomas Ball and
               Andreas Zeller},
  title     = {Mining metrics to predict component failures},
  booktitle = {28th International Conference on Software Engineering {(ICSE} 2006),
               Shanghai, China, May 20-28, 2006},
  pages     = {452--461},
  year      = {2006}
}

@article{Briand:dynamicTSE04,
  author    = {Erik Arisholm and
               Lionel C. Briand and
               Audun F{\o}yen},
  title     = {Dynamic Coupling Measurement for Object-Oriented Software},
  journal   = {{IEEE} Trans. Software Eng.},
  volume    = {30},
  number    = {8},
  pages     = {491--506},
  year      = {2004},
  url       = {http://doi.ieeecomputersociety.org/10.1109/TSE.2004.41},
  doi       = {10.1109/TSE.2004.41},
  timestamp = {Tue, 17 Aug 2004 13:34:34 +0200},
  biburl    = {http://dblp.uni-trier.de/rec/bib/journals/tse/ArisholmBF04},
  bibsource = {dblp computer science bibliography, http://dblp.org}
}

@article{Briand:structural99,
  author    = {Lionel C. Briand and
               John W. Daly and
               J{\"{u}}rgen W{\"{u}}st},
  title     = {A Unified Framework for Coupling Measurement in Object-Oriented Systems},
  journal   = {{IEEE} Trans. Software Eng.},
  volume    = {25},
  number    = {1},
  pages     = {91--121},
  year      = {1999},
  url       = {http://doi.ieeecomputersociety.org/10.1109/32.748920},
  doi       = {10.1109/32.748920},
  timestamp = {Mon, 07 Nov 2011 16:59:25 +0100},
  biburl    = {http://dblp.uni-trier.de/rec/bib/journals/tse/BriandDW99},
  bibsource = {dblp computer science bibliography, http://dblp.org}
}

%%%Denys metrics, lexical
@article{Denys:impactMetrics13,
  author    = {Huzefa H. Kagdi and
               Malcom Gethers and
               Denys Poshyvanyk},
  title     = {Integrating conceptual and logical couplings for change impact analysis
               in software},
  journal   = {Empirical Software Engineering},
  volume    = {18},
  number    = {5},
  pages     = {933--969},
  year      = {2013},
  url       = {http://dx.doi.org/10.1007/s10664-012-9233-9},
  doi       = {10.1007/s10664-012-9233-9},
  timestamp = {Wed, 28 Aug 2013 17:10:04 +0200},
  biburl    = {http://dblp.uni-trier.de/rec/bib/journals/ese/KagdiGP13},
  bibsource = {dblp computer science bibliography, http://dblp.org}
}

@article{Denys:couple11,
  author    = {Meghan Revelle and
               Malcom Gethers and
               Denys Poshyvanyk},
  title     = {Using structural and textual information to capture feature coupling
               in object-oriented software},
  journal   = {Empirical Software Engineering},
  volume    = {16},
  number    = {6},
  pages     = {773--811},
  year      = {2011},
  url       = {http://dx.doi.org/10.1007/s10664-011-9159-7},
  doi       = {10.1007/s10664-011-9159-7},
  timestamp = {Tue, 13 Sep 2011 10:47:05 +0200},
  biburl    = {http://dblp.uni-trier.de/rec/bib/journals/ese/RevelleGP11},
  bibsource = {dblp computer science bibliography, http://dblp.org}
}


@inproceedings{Denys:portfolio11,
  author    = {Collin McMillan and
               Mark Grechanik and
               Denys Poshyvanyk and
               Qing Xie and
               Chen Fu},
  title     = {Portfolio: finding relevant functions and their usage},
  booktitle = {Proceedings of the 33rd International Conference on Software Engineering,
               {ICSE} 2011, Waikiki, Honolulu , HI, USA, May 21-28, 2011},
  pages     = {111--120},
  year      = {2011}
  }

@inproceedings{sniff:Sen09,
  author    = {Shaunak Chatterjee and
               Sudeep Juvekar and
               Koushik Sen},
  title     = {{SNIFF:} {A} Search Engine for Java Using Free-Form Queries},
  booktitle = {Fundamental Approaches to Software Engineering, 12th International
               Conference, {FASE} 2009, Held as Part of the Joint European Conferences
               on Theory and Practice of Software, {ETAPS} 2009, York, UK, March
               22-29, 2009. Proceedings},
  pages     = {385--400},
  year      = {2009}
}

%%%%historical
@article{Ying:cochangeTSE04,
  author    = {Annie T. T. Ying and
               Gail C. Murphy and
               Raymond T. Ng and
               Mark Chu{-}Carroll},
  title     = {Predicting Source Code Changes by Mining Change History},
  journal   = {{IEEE} Trans. Software Eng.},
  volume    = {30},
  number    = {9},
  pages     = {574--586},
  year      = {2004},
  url       = {http://doi.ieeecomputersociety.org/10.1109/TSE.2004.52},
  doi       = {10.1109/TSE.2004.52},
  timestamp = {Wed, 31 Aug 2005 09:02:07 +0200},
  biburl    = {http://dblp.uni-trier.de/rec/bib/journals/tse/YingMNC04},
  bibsource = {dblp computer science bibliography, http://dblp.org}
}


@inproceedings{PRMiner:FSE05,
  author    = {Zhenmin Li and
               Yuanyuan Zhou},
  title     = {PR-Miner: automatically extracting implicit programming rules and
               detecting violations in large software code},
  booktitle = {Proceedings of the 10th European Software Engineering Conference held
               jointly with 13th {ACM} {SIGSOFT} International Symposium on Foundations
               of Software Engineering, 2005, Lisbon, Portugal, September 5-9, 2005},
  pages     = {306--315},
  year      = {2005}
}


@article{sniafl:TSE06,
  author    = {Wei Zhao and
               Lu Zhang and
               Yin Liu and
               Jiasu Sun and
               Fuqing Yang},
  title     = {{SNIAFL:} Towards a static noninteractive approach to feature location},
  journal   = {{ACM} Trans. Softw. Eng. Methodol.},
  volume    = {15},
  number    = {2},
  pages     = {195--226},
  year      = {2006},
  url       = {http://doi.acm.org/10.1145/1131421.1131424},
  doi       = {10.1145/1131421.1131424},
  timestamp = {Tue, 08 Nov 2011 22:19:14 +0100},
  biburl    = {http://dblp.uni-trier.de/rec/bib/journals/tosem/ZhaoZLSY06},
  bibsource = {dblp computer science bibliography, http://dblp.org}
}

@inproceedings{Bodik:slicePLSI07,
  author    = {Manu Sridharan and
               Stephen J. Fink and
               Rastislav Bod{\'{\i}}k},
  title     = {Thin slicing},
  booktitle = {Proceedings of the {ACM} {SIGPLAN} 2007 Conference on Programming
               Language Design and Implementation, San Diego, California, USA, June
               10-13, 2007},
  pages     = {112--122},
  year      = {2007}
}


@inproceedings{Hassan:ICSE10,
  author    = {Bram Adams and
               Zhen Ming Jiang and
               Ahmed E. Hassan},
  title     = {Identifying crosscutting concerns using historical code changes},
  booktitle = {Proceedings of the 32nd {ACM/IEEE} International Conference on Software
               Engineering - Volume 1, {ICSE} 2010, Cape Town, South Africa, 1-8
               May 2010},
  pages     = {305--314},
  year      = {2010}
}

@inproceedings{Orso:impactDynamic03,
  author    = {Alessandro Orso and
               Taweesup Apiwattanapong and
               Mary Jean Harrold},
  title     = {Leveraging field data for impact analysis and regression testing},
  booktitle = {Proceedings of the 11th {ACM} {SIGSOFT} Symposium on Foundations of
               Software Engineering 2003 held jointly with 9th European Software
               Engineering Conference, {ESEC/FSE} 2003, Helsinki, Finland, September
               1-5, 2003},
  pages     = {128--137},
  year      = {2003}
}

@inproceedings{Gall:changeCouple08,
  author    = {Yu Zhou and
               Michael W{\"{u}}rsch and
               Emanuel Giger and
               Harald C. Gall and
               Jian L{\"{u}}},
  title     = {A Bayesian Network Based Approach for Change Coupling Prediction},
  booktitle = {{WCRE} 2008, Proceedings of the 15th Working Conference on Reverse
               Engineering, Antwerp, Belgium, October 15-18, 2008},
  pages     = {27--36},
  year      = {2008}
}

@inproceedings{Gall:changeCouple05,
  author    = {Beat Fluri and
               Harald C. Gall and
               Martin Pinzger},
  title     = {Fine-Grained Analysis of Change Couplings},
  booktitle = {5th {IEEE} International Workshop on Source Code Analysis and Manipulation
               {(SCAM} 2005), 30 September - 1 October 2005, Budapest, Hungary},
  pages     = {66--74},
  year      = {2005}
}

%%%%Emily Hill
@inproceedings{Hill:neighbor07,
  author    = {Emily Hill and
               Lori L. Pollock and
               K. Vijay{-}Shanker},
  title     = {Exploring the neighborhood with dora to expedite software maintenance},
  booktitle = {22nd {IEEE/ACM} International Conference on Automated Software Engineering
               {(ASE} 2007), November 5-9, 2007, Atlanta, Georgia, {USA}},
  pages     = {14--23},
  year      = {2007}
}

@inproceedings{Hill:locateConcern07,
  author    = {David C. Shepherd and
               Zachary P. Fry and
               Emily Hill and
               Lori L. Pollock and
               K. Vijay{-}Shanker},
  title     = {Using natural language program analysis to locate and understand action-oriented
               concerns},
  booktitle = {Proceedings of the 6th International Conference on Aspect-Oriented
               Software Development, {AOSD} 2007, Vancouver, British Columbia, Canada,
               March 12-16, 2007},
  pages     = {212--224},
  year      = {2007}
}

@inproceedings{Murphy:nlConcern11,
  author    = {Sarah Rastkar and
               Gail C. Murphy and
               Alexander W. J. Bradley},
  title     = {Generating natural language summaries for crosscutting source code
               concerns},
  booktitle = {{IEEE} 27th International Conference on Software Maintenance, {ICSM}
               2011, Williamsburg, VA, USA, September 25-30, 2011},
  pages     = {103--112},
  year      = {2011}
}

@inproceedings{Devanbu:randomWalk07,
  author    = {Zachary M. Saul and
               Vladimir Filkov and
               Premkumar T. Devanbu and
               Christian Bird},
  title     = {Recommending random walks},
  booktitle = {Proceedings of the 6th joint meeting of the European Software Engineering
               Conference and the {ACM} {SIGSOFT} International Symposium on Foundations
               of Software Engineering, 2007, Dubrovnik, Croatia, September 3-7,
               2007},
  pages     = {15--24},
  year      = {2007}
}

@inproceedings{codeHint:dynamic14,
  author    = {Joel Galenson and
               Philip Reames and
               Rastislav Bod{\'{\i}}k and
               Bj{\"{o}}rn Hartmann and
               Koushik Sen},
  title     = {CodeHint: dynamic and interactive synthesis of code snippets},
  booktitle = {36th International Conference on Software Engineering, {ICSE} '14,
               Hyderabad, India - May 31 - June 07, 2014},
  pages     = {653--663},
  year      = {2014}
}

@inproceedings{Agrawal:dynamicSlice90,
  author    = {Hiralal Agrawal and
               Joseph Robert Horgan},
  title     = {Dynamic Program Slicing},
  booktitle = {Proceedings of the {ACM} SIGPLAN'90 Conference on Programming Language
               Design and Implementation (PLDI), White Plains, New York, USA, June
               20-22, 1990},
  pages     = {246--256},
  year      = {1990}
}

@article{Gyimothy:metrics05,
  author    = {Tibor Gyim{\'{o}}thy and
               Rudolf Ferenc and
               Istv{\'{a}}n Siket},
  title     = {Empirical Validation of Object-Oriented Metrics on Open Source Software
               for Fault Prediction},
  journal   = {{IEEE} Trans. Software Eng.},
  volume    = {31},
  number    = {10},
  pages     = {897--910},
  year      = {2005},
  url       = {http://doi.ieeecomputersociety.org/10.1109/TSE.2005.112},
  doi       = {10.1109/TSE.2005.112},
  timestamp = {Tue, 22 Aug 2006 14:54:46 +0200},
  biburl    = {http://dblp.uni-trier.de/rec/bib/journals/tse/GyimothyFS05},
  bibsource = {dblp computer science bibliography, http://dblp.org}
}

@article{Weiser:slice84,
  author    = {Mark Weiser},
  title     = {Program Slicing},
  journal   = {{IEEE} Trans. Software Eng.},
  volume    = {10},
  number    = {4},
  pages     = {352--357},
  year      = {1984},
  url       = {http://doi.ieeecomputersociety.org/10.1109/TSE.1984.5010248},
  doi       = {10.1109/TSE.1984.5010248},
  timestamp = {Mon, 07 Nov 2011 16:59:24 +0100},
  biburl    = {http://dblp.uni-trier.de/rec/bib/journals/tse/Weiser84},
  bibsource = {dblp computer science bibliography, http://dblp.org}
}
