@ARTICLE{porter:stemmer,
	AUTHOR = "M. F. Porter",
	TITLE = "An algorithm for suffix stripping",
	JOURNAL = "Readings in information retrieval",
	PAGES = {313-316},
	YEAR = {1997}	}

@inproceedings{Hill:NLQueryRefine14,
  author    = {Emily Hill and
               Manuel Roldan{-}Vega and
               Jerry Alan Fails and
               Greg Mallet},
  title     = {NL-based query refinement and contextualized code search results:
               {A} user study},
  booktitle = {2014 Software Evolution Week - {IEEE} Conference on Software Maintenance,
               Reengineering, and Reverse Engineering, {CSMR-WCRE} 2014, Antwerp,
               Belgium, February 3-6, 2014},
  pages     = {34--43},
  year      = {2014}
}

@inproceedings{lopes:queryExpand14,
  author    = {Ot{\'{a}}vio Augusto Lazzarini Lemos and
               Adriano Carvalho de Paula and
               Felipe Capodifoglio Zanichelli and
               Cristina Videira Lopes},
  title     = {Thesaurus-based automatic query expansion for interface-driven code
               search},
  booktitle = {11th Working Conference on Mining Software Repositories, {MSR} 2014,
               Proceedings, May 31 - June 1, 2014, Hyderabad, India},
  pages     = {212--221},
  year      = {2014}
}


@inproceedings{Marcus:queryReform13,
  author    = {Sonia Haiduc and
               Gabriele Bavota and
               Andrian Marcus and
               Rocco Oliveto and
               Andrea De Lucia and
               Tim Menzies},
  title     = {Automatic query reformulations for text retrieval in software engineering},
  booktitle = {35th International Conference on Software Engineering, {ICSE} '13,
               San Francisco, CA, USA, May 18-26, 2013},
  pages     = {842--851},
  year      = {2013}
}

@inproceedings{samurai:msr09,
	Author = {Eric Enslen and Emily Hill and Lori L. Pollock and K. Vijay{-}Shanker},
	Booktitle = {6th International Working Conference on Mining Software Repositories, {MSR}'09},
	Pages = {71--80},
	Title = {Mining source code to automatically split identifiers for software analysis},
	Year = {2009}}

@article{wordnet95:miller,
	Author = {George A. Miller},
	Bibsource = {dblp computer science bibliography, http://dblp.org},
	Biburl = {http://dblp.uni-trier.de/rec/bib/journals/cacm/Miller95},
	Doi = {10.1145/219717.219748},
	Journal = {Commun. {ACM}},
	Number = {11},
	Pages = {39--41},
	Timestamp = {Tue, 07 Jun 2011 16:52:42 +0200},
	Title = {WordNet: {A} Lexical Database for English},
	Url = {http://doi.acm.org/10.1145/219717.219748},
	Volume = {38},
	Year = {1995},
	Bdsk-Url-1 = {http://doi.acm.org/10.1145/219717.219748},
	Bdsk-Url-2 = {http://dx.doi.org/10.1145/219717.219748}}

@inproceedings{SEWordSim:ICSE14,
	Author = {Yuan Tian and David Lo and Julia L. Lawall},
	Booktitle = {36th International Conference on Software Engineering, {ICSE}'14},
	Pages = {568--571},
	Title = {SEWordSim: software-specific word similarity database},
	Year = {2014}}

@inproceedings{yangMSR12:semWord,
	Author = {Jinqiu Yang and Lin Tan},
	Booktitle = {9th {IEEE} Working Conference of Mining Software Repositories, {MSR}'12},
	Pages = {161--170},
	Title = {Inferring semantically related words from software context},
	Year = {2012}}
	
	
	@inproceedings{postagger04:stanford,
  author    = {Kristina Toutanova and
               Dan Klein and
               Christopher D. Manning and
               Yoram Singer},
  title     = {Feature-Rich Part-of-Speech Tagging with a Cyclic Dependency Network},
  booktitle = {{HLT-NAACL}},
  year      = {2003},
  url       = {http://acl.ldc.upenn.edu/N/N03/N03-1033.pdf},
  timestamp = {Fri, 27 Feb 2004 10:08:28 +0100},
  biburl    = {http://dblp.uni-trier.de/rec/bib/conf/naacl/ToutanovaKMS03},
  bibsource = {dblp computer science bibliography, http://dblp.org}
}

@article{Weiser84:slicing,
  author    = {Mark Weiser},
  title     = {Program Slicing},
  journal   = {{IEEE} Trans. Software Eng.},
  volume    = {10},
  number    = {4},
  pages     = {352--357},
  year      = {1984},
  url       = {http://doi.ieeecomputersociety.org/10.1109/TSE.1984.5010248},
  doi       = {10.1109/TSE.1984.5010248},
  timestamp = {Mon, 07 Nov 2011 16:59:24 +0100},
  biburl    = {http://dblp.uni-trier.de/rec/bib/journals/tse/Weiser84},
  bibsource = {dblp computer science bibliography, http://dblp.org}
}

