

@article{Parsons:cognitiveReuse04,
  author    = {Jeffrey Parsons and
               Chad Saunders},
  title     = {Cognitive Heuristics in Software Engineering: Applying and Extending
               Anchoring and Adjustment to Artifact Reuse},
  journal   = {{IEEE} Trans. Software Eng.},
  volume    = {30},
  number    = {12},
  pages     = {873--888},
  year      = {2004},
  url       = {http://doi.ieeecomputersociety.org/10.1109/TSE.2004.94},
  doi       = {10.1109/TSE.2004.94},
  timestamp = {Mon, 07 Nov 2011 16:59:26 +0100},
  biburl    = {http://dblp.uni-trier.de/rec/bib/journals/tse/ParsonsS04},
  bibsource = {dblp computer science bibliography, http://dblp.org}
}


@article{Selby:largeReuse05,
  author    = {Richard W. Selby},
  title     = {Enabling Reuse-Based Software Development of Large-Scale Systems},
  journal   = {{IEEE} Trans. Software Eng.},
  volume    = {31},
  number    = {6},
  pages     = {495--510},
  year      = {2005},
  url       = {http://doi.ieeecomputersociety.org/10.1109/TSE.2005.69},
  doi       = {10.1109/TSE.2005.69},
  timestamp = {Mon, 07 Nov 2011 16:59:26 +0100},
  biburl    = {http://dblp.uni-trier.de/rec/bib/journals/tse/Selby05},
  bibsource = {dblp computer science bibliography, http://dblp.org}
}

@article{Frakes:reuseStatus05,
  author    = {William B. Frakes and
               Kyo Kang},
  title     = {Software Reuse Research: Status and Future},
  journal   = {{IEEE} Trans. Software Eng.},
  volume    = {31},
  number    = {7},
  pages     = {529--536},
  year      = {2005},
  url       = {http://doi.ieeecomputersociety.org/10.1109/TSE.2005.85},
  doi       = {10.1109/TSE.2005.85},
  timestamp = {Tue, 22 Aug 2006 14:54:46 +0200},
  biburl    = {http://dblp.uni-trier.de/rec/bib/journals/tse/FrakesK05},
  bibsource = {dblp computer science bibliography, http://dblp.org}
}

%%%% Miryung
@inproceedings{rase:ICSE15,
  author    = {Na Meng and Lisa Hua and
               Miryung Kim and
               Kathryn S. McKinley},
  title     = {Does Automated Refactoring Obviate Systematic Editing?},
  booktitle = {37th {IEEE/ACM} International Conference on Software Engineering,
               {ICSE} 2015, Florence, Italy, May 16-24, 2015, Volume 1},
  pages     = {392--402},
  year      = {2015}
}

@inproceedings{Meng:sydit11,
  author    = {Na Meng and
               Miryung Kim and
               Kathryn S. McKinley},
  title     = {Systematic editing: generating program transformations from an example},
  booktitle = {Proceedings of the 32nd {ACM} {SIGPLAN} Conference on Programming
               Language Design and Implementation, {PLDI} 2011, San Jose, CA, USA,
               June 4-8, 2011},
  pages     = {329--342},
  year      = {2011}
}

@inproceedings{Kim:cloneGenealogy05,
  author    = {Miryung Kim and
               Vibha Sazawal and
               David Notkin and
               Gail C. Murphy},
  title     = {An empirical study of code clone genealogies},
  booktitle = {Proceedings of the 10th European Software Engineering Conference held
               jointly with 13th {ACM} {SIGSOFT} International Symposium on Foundations
               of Software Engineering, 2005, Lisbon, Portugal, September 5-9, 2005},
  pages     = {187--196},
  year      = {2005}
}

@book{fowler:refactoring,
  author    = {Martin Fowler},
  title     = {Refactoring - Improving the Design of Existing Code},
  series    = {Addison Wesley object technology series},
  publisher = {Addison-Wesley},
  year      = {1999},
  url       = {http://martinfowler.com/books/refactoring.html},
  isbn      = {978-0-201-48567-7},
  timestamp = {Wed, 25 Mar 2015 11:31:06 +0100},
  biburl    = {http://dblp.uni-trier.de/rec/bib/books/daglib/0019908},
  bibsource = {dblp computer science bibliography, http://dblp.org}
}



%%Rob Walker and Reid Holmes

@inproceedings{Cossette:dsketch10,
  author    = {Bradley Cossette and
               Robert J. Walker},
  title     = {DSketch: lightweight, adaptable dependency analysis},
  booktitle = {Proceedings of the 18th {ACM} {SIGSOFT} International Symposium on
               Foundations of Software Engineering, 2010, Santa Fe, NM, USA, November
               7-11, 2010},
  pages     = {297--306},
  year      = {2010}
}

@inproceedings{Holmes:reuseStudy09,
  author    = {Reid Holmes and
               Rylan Cottrell and
               Robert J. Walker and
               J{\"{o}}rg Denzinger},
  title     = {The end-to-end use of source code examples: An exploratory study},
  booktitle = {25th {IEEE} International Conference on Software Maintenance {(ICSM}
               2009), September 20-26, 2009, Edmonton, Alberta, Canada},
  pages     = {555--558},
  year      = {2009}
}


@inproceedings{Holmes:ASE09,
  author    = {Reid Holmes and
               Tristan Ratchford and
               Martin P. Robillard and
               Robert J. Walker},
  title     = {Automatically Recommending Triage Decisions for Pragmatic Reuse Tasks},
  booktitle = {{ASE} 2009, 24th {IEEE/ACM} International Conference on Automated
               Software Engineering, Auckland, New Zealand, November 16-20, 2009},
  pages     = {397--408},
  year      = {2009}
}

@inproceedings{Holmes:structural05,
  author    = {Reid Holmes and
               Gail C. Murphy},
  title     = {Using structural context to recommend source code examples},
  booktitle = {27th International Conference on Software Engineering {(ICSE} 2005),
               15-21 May 2005, St. Louis, Missouri, {USA}},
  pages     = {117--125},
  year      = {2005}
}


@inproceedings{Cottrell:jigsaw08,
  author    = {Rylan Cottrell and
               Robert J. Walker and
               J{\"{o}}rg Denzinger},
  title     = {Semi-automating small-scale source code reuse via structural correspondence},
  booktitle = {Proceedings of the 16th {ACM} {SIGSOFT} International Symposium on
               Foundations of Software Engineering, 2008, Atlanta, Georgia, USA,
               November 9-14, 2008},
  pages     = {214--225},
  year      = {2008}
}

@inproceedings{Holmes:reuse07,
  author    = {Reid Holmes and
               Robert J. Walker},
  title     = {Supporting the Investigation and Planning of Pragmatic Reuse Tasks},
  booktitle = {29th International Conference on Software Engineering {(ICSE} 2007),
               Minneapolis, MN, USA, May 20-26, 2007},
  pages     = {447--457},
  year      = {2007}
}

@inproceedings{Cottrell:generalize07,
  author    = {Rylan Cottrell and
               Joseph J. C. Chang and
               Robert J. Walker and
               J{\"{o}}rg Denzinger},
  title     = {Determining detailed structural correspondence for generalization
               tasks},
  booktitle = {Proceedings of the 6th joint meeting of the European Software Engineering
               Conference and the {ACM} {SIGSOFT} International Symposium on Foundations
               of Software Engineering, 2007, Dubrovnik, Croatia, September 3-7,
               2007},
  pages     = {165--174},
  year      = {2007}
}




%%% Recommend examples
@inproceedings{Xie:ParseWeb07,
  author    = {Suresh Thummalapenta and
               Tao Xie},
  title     = {Parseweb: a programmer assistant for reusing open source code on the
               web},
  booktitle = {22nd {IEEE/ACM} International Conference on Automated Software Engineering
               {(ASE} 2007), November 5-9, 2007, Atlanta, Georgia, {USA}},
  pages     = {204--213},
  year      = {2007}
}

@inproceedings{Xsnippet:OOPSLA06,
  author    = {Naiyana Sahavechaphan and
               Kajal T. Claypool},
  title     = {XSnippet: mining For sample code},
  booktitle = {Proceedings of the 21th Annual {ACM} {SIGPLAN} Conference on Object-Oriented
               Programming, Systems, Languages, and Applications, {OOPSLA} 2006,
               October 22-26, 2006, Portland, Oregon, {USA}},
  pages     = {413--430},
  year      = {2006}
}

@inproceedings{Mandelin:jungloid05,
  author    = {David Mandelin and
               Lin Xu and
               Rastislav Bod{\'{\i}}k and
               Doug Kimelman},
  title     = {Jungloid mining: helping to navigate the {API} jungle},
  booktitle = {Proceedings of the {ACM} {SIGPLAN} 2005 Conference on Programming
               Language Design and Implementation, Chicago, IL, USA, June 12-15,
               2005},
  pages     = {48--61},
  year      = {2005}
}


@inproceedings{Starke:searchNum09,
  author    = {Jamie Starke and
               Chris Luce and
               Jonathan Sillito},
  title     = {Searching and skimming: An exploratory study},
  booktitle = {25th {IEEE} International Conference on Software Maintenance {(ICSM}
               2009), September 20-26, 2009, Edmonton, Alberta, Canada},
  pages     = {157--166},
  year      = {2009}
}

@inproceedings{TDCS:SAC09,
  author    = {Ot{\'{a}}vio Augusto Lazzarini Lemos and
               Sushil Krishna Bajracharya and
               Joel Ossher and
               Paulo Cesar Masiero and
               Cristina Videira Lopes},
  title     = {Applying test-driven code search to the reuse of auxiliary functionality},
  booktitle = {Proceedings of the 2009 {ACM} Symposium on Applied Computing (SAC),
               Honolulu, Hawaii, USA, March 9-12, 2009},
  pages     = {476--482},
  year      = {2009}
}


@inproceedings{spotWork:ICSE14,
  author    = {Iman Keivanloo and
               Juergen Rilling and
               Ying Zou},
  title     = {Spotting working code examples},
  booktitle = {36th International Conference on Software Engineering, {ICSE} '14,
               Hyderabad, India - May 31 - June 07, 2014},
  pages     = {664--675},
  year      = {2014}
}
