@inproceedings{ochiai:07,
  author    = {Rui Abreu and
               Peter Zoeteweij and
               Arjan J. C. van Gemund},
  title     = {On the accuracy of spectrum-based fault localization},
  booktitle = {Testing - Practice and Research Techniques, 5th International Academic
               and Industrial Conference, {TAIC} {PART}   2007}
}

@inproceedings{ochiaiStudy:13,
  author    = {Friedrich Steimann and
               Marcus Frenkel and
               Rui Abreu},
  title     = {Threats to the validity and value of empirical assessments of the
               accuracy of coverage-based fault locators},
  booktitle = {International Symposium on Software Testing and Analysis, {ISSTA} 2013},
  pages     = {314--324},
  year      = {2013}
}

@inproceedings{ochiaiStudy2:14,
  author    = {Jifeng Xuan and
               Martin Monperrus},
  title     = {Learning to Combine Multiple Ranking Metrics for Fault Localization},
  booktitle = {{IEEE} International Conference on Software Maintenance and Evolution,  {ICSME} 2014},
  pages     = {191--200},
  year      = {2014}
}


@inproceedings{defects4j:issta14,
  author    = {Ren{\'{e}} Just and
               Darioush Jalali and
               Michael D. Ernst},
  title     = {Defects4J: a database of existing faults to enable controlled testing
               studies for Java programs},
  booktitle = {International Symposium on Software Testing and Analysis, {ISSTA} 2014},
  pages     = {437--440},
  year      = {2014}
}

@inproceedings{verisoft:97,
  author    = {Patrice Godefroid},
  title     = {Model Checking for Programming Languages using Verisoft},
  booktitle = {24th Annual {ACM} {SIGPLAN-SIGACT} Symposium on
               Principles of Programming Languages, POPL 2017},
  pages     = {174--186},
  year      = {1997}
}

@misc{hua:eval,
  title = {},
  author={},year={2017},key={TedSketch Evaluation Dataset},
  howpublished = {\url{https://github.com/yzjJosh/TedSketch-Evaluation}},
  note = {Accessed: 2017-05-12}
}


@misc{javaparser,
  title = {},
  author={},year={2017},key={JavaParser Transformation Tool},
  howpublished = {\url{http://javaparser.org}},
  note = {Accessed: 2017-04-30}
}


@misc{coverage,
  title = {},
  author={},year={2017},key={Cobertura Code Coverage Tool},
  howpublished = {\url{http://cobertura.github.io/cobertura/}},
  note = {Accessed: 2017-04-30}
}




@misc{math,
  title = {Apache Math Project},
  author={},year={2017},key={Apache Math Project},
  howpublished = {\url{http://commons.apache.org/proper/commons-math/}},
  note = {Accessed: 2017-04-30}
}


@misc{closure,
  title = {Closure Compiler},
  author={},year={2017},key={Closure Compiler},
  howpublished = {\url{https://developers.google.com/closure/compiler/}},
  note = {Accessed: 2017-04-30}
}


@misc{chart,
  title = {},
  author={},year={2017},key={JFreeChart},
  howpublished = {\url{http://www.jfree.org/jfreechart/}},
  note = {Accessed: 2017-04-30}
}








@inproceedings{sketch4j:spin17,
  author    = {Jinru Hua and
               Sarfraz Khurshid},
  title     = {EdSketch: Execution-Driven Sketching for Java},
  booktitle = {International Symposium on Model Checking of Software, {SPIN} 2017},
  pages     = {to appear},
  year      = {2017}
}


@inproceedings{mineAPI:msr13,
  author    = {Jue Wang and
               Yingnong Dang and
               Hongyu Zhang and
               Kai Chen and
               Tao Xie and
               Dongmei Zhang},
  title     = {Mining succinct and high-coverage {API} usage patterns from source
               code},
  booktitle = {Proceedings of the 10th Working Conference on Mining Software Repositories,
               {MSR}  2013},
  pages     = {319--328},
  year      = {2013}
}


@inproceedings{tienAPI:icse14,
  author    = {Robert Dyer and
               Hridesh Rajan and
               Hoan Anh Nguyen and
               Tien N. Nguyen},
  title     = {Mining billions of {AST} nodes to study actual and potential usage
               of Java language features},
  booktitle = {36th International Conference on Software Engineering, {ICSE}  2014},
  pages     = {779--790},
  year      = {2014}
}

