%%%%Sketch

@article{sketch:sttt13,
  author    = {Armando Solar{-}Lezama},
  title     = {Program sketching},
  journal   = {{STTT}},
  volume    = {15},
  number    = {5-6},
  pages     = {475--495},
  year      = {2013}
}


@inproceedings{sketch:aplas09,
  author    = {Armando Solar{-}Lezama},
  title     = {The Sketching Approach to Program Synthesis},
  booktitle = {Programming Languages and Systems, 7th Asian Symposium, {APLAS} 2009},
  pages     = {4--13},
  year      = {2009}
}




@inproceedings{storyboard:fse11,
  author    = {Rishabh Singh and
               Armando Solar{-}Lezama},
  title     = {Synthesizing data structure manipulations from storyboards},
  booktitle = {FSE 2011},
  pages     = {289--299},
  year      = {2011}
}

@inproceedings{jsketch:fse15,
  author    = {Jinseong Jeon and
               Xiaokang Qiu and
               Jeffrey S. Foster and
               Armando Solar{-}Lezama},
  title     = {{JSketch}: sketching for {Java}},
  booktitle = {{ESEC/FSE} 2015},
  pages     = {934--937},
  year      = {2015}
}



@inproceedings{singh:pldi13,
  author    = {Rishabh Singh and
               Sumit Gulwani and
               Armando Solar{-}Lezama},
  title     = {Automated feedback generation for introductory programming assignments},
  booktitle = {   {PLDI} '13},
  pages     = {15--26},
  year      = {2013}
}
%%%%%Kuncak

@inproceedings{deductive:cav15,
  author    = {Etienne Kneuss and
               Manos Koukoutos and
               Viktor Kuncak},
  title     = {Deductive Program Repair},
  booktitle = {{CAV}},
  year      = {2015}
}

@inproceedings{insynth:cav11,
  author    = {Tihomir Gvero and
               Viktor Kuncak and
               Ruzica Piskac},
  title     = {Interactive Synthesis of Code Snippets},
  booktitle = { {CAV}   2011},
  pages     = {418--423},
  year      = {2011}
}

@inproceedings{Kuncak:pldi10,
  author    = {Viktor Kuncak and
               Mika{\"{e}}l Mayer and
               Ruzica Piskac and
               Philippe Suter},
  title     = {Complete functional synthesis},
  booktitle = { {PLDI} 2010},
  pages     = {316--329},
  year      = {2010}
}




%%%%Isil 

@inproceedings{isil:sypet17,
  author    = {Yu Feng and
               Ruben Martins and
               Yuepeng Wang and
               Isil Dillig and
               Thomas W. Reps},
  title     = {Component-based synthesis for complex APIs},
  booktitle = {{POPL} 2017},
  pages     = {599--612},
  year      = {2017}
}

@inproceedings{isil:pldi15,
  author    = {John K. Feser and
               Swarat Chaudhuri and
               Isil Dillig},
  title     = {Synthesizing data structure transformations from input-output examples},
  booktitle = {PLDI 2015},
  pages     = {229--239},
  year      = {2015}
}



@inproceedings{demsky:issta06,
  author    = {Brian Demsky and
               Michael D. Ernst and
               Philip J. Guo and
               Stephen McCamant and
               Jeff H. Perkins and
               Martin C. Rinard},
  title     = {Inference and enforcement of data structure consistency specifications},
  booktitle = { {ISSTA}   2006},
  pages     = {233--244},
  year      = {2006}
}

%%%%%Sumit Gulwani


@inproceedings{oracle:icse10,
  author    = {Susmit Jha and
               Sumit Gulwani and
               Sanjit A. Seshia and
               Ashish Tiwari},
  title     = {Oracle-guided component-based program synthesis},
  booktitle = { {ICSE} 2010},
  pages     = {215--224},
  year      = {2010}
}

@inproceedings{Gulwani:string11,
  author    = {Sumit Gulwani},
  title     = {Automating string processing in spreadsheets using input-output examples},
  booktitle = {{POPL} 2011},
  pages     = {317--330},
  year      = {2011}
}

@inproceedings{verifySys:popl10,
  author    = {Saurabh Srivastava and
               Sumit Gulwani and
               Jeffrey S. Foster},
  title     = {From program verification to program synthesis},
  booktitle = {{POPL} 2010},
  pages     = {313--326},
  year      = {2010}
}

@inproceedings{typed:pldi12,
  author    = {Daniel Perelman and
               Sumit Gulwani and
               Thomas Ball and
               Dan Grossman},
  title     = {Type-directed completion of partial expressions},
  booktitle = {  {PLDI}  2012},
  pages     = {275--286},
  year      = {2012}
}


@inproceedings{testDriven:pldi14,
  author    = {Daniel Perelman and
               Sumit Gulwani and
               Dan Grossman and
               Peter Provost},
  title     = {Test-driven synthesis},
  booktitle = {{ACM} {SIGPLAN} Conference on Programming Language Design and Implementation,
               {PLDI} '14,  2014},
  pages     = {408--418},
  year      = {2014}
}

%%%%%%Bodik

@inproceedings{codehint:icse14,
  author    = {Joel Galenson and
               Philip Reames and
               Rastislav Bod{\'{\i}}k and
               Bj{\"{o}}rn Hartmann and
               Koushik Sen},
  title     = {{CodeHint}: dynamic and interactive synthesis of code snippets},
  booktitle = {{ICSE}  2014},
  pages     = {653--663},
  year      = {2014}
}

@inproceedings{cegis:13,
  author    = {Rajeev Alur and
               Rastislav Bod{\'{\i}}k and
               Garvit Juniwal and
               Milo M. K. Martin and
               Mukund Raghothaman and
               Sanjit A. Seshia and
               Rishabh Singh and
               Armando Solar{-}Lezama and
               Emina Torlak and
               Abhishek Udupa},
  title     = {Syntax-guided synthesis},
  booktitle = { {FMCAD} 2013},
  pages     = {1--8},
  year      = {2013}
}

@inproceedings{angelProg:BodikPOPL10,
  author    = {Shaon Barman and Rastislav Bod{\'{\i}}k and
               Satish Chandra and
               Joel Galenson and
               Doug Kimelman and
             Casey Rodarmor   and Nicholas Tung
               },
  title     = {Programming with angelic nondeterminism},
  booktitle = {{POPL} 2010},
  pages     = {339--352},
  year      = {2010}
}

@inproceedings{jungloid:pldi05,
  author    = {David Mandelin and
               Lin Xu and
               Rastislav Bod{\'{\i}}k and
               Doug Kimelman},
  title     = {Jungloid mining: helping to navigate the {API} jungle},
  booktitle = {{PLDI} 2005},
  pages     = {48--61},
  year      = {2005}
}


%%%%%%Code completion

@inproceedings{strathcona:icse05,
  author    = {Reid Holmes and
               Gail C. Murphy},
  title     = {Using structural context to recommend source code examples},
  booktitle = {{ICSE} 2005},
  pages     = {117--125},
  year      = {2005}
}

@inproceedings{slang:pldi14,
  author    = {Veselin Raychev and
               Martin T. Vechev and
               Eran Yahav},
  title     = {Code completion with statistical language models},
  booktitle = { {PLDI} 2014},
  pages     = {419--428},
  year      = {2014}
}

@article{portfolio:icse13,
  author    = {Collin McMillan and
               Denys Poshyvanyk and
               Mark Grechanik and
               Qing Xie and
               Chen Fu},
  title     = {Portfolio: Searching for relevant functions and their usages in millions
               of lines of code},
  journal   = {{ACM} Trans. Softw. Eng. Methodol.},
  volume    = {22},
  number    = {4},
  pages     = {37:1--37:30},
  year      = {2013}
}


@inproceedings{sniff:fase09,
  author    = {Shaunak Chatterjee and
               Sudeep Juvekar and
               Koushik Sen},
  title     = {{SNIFF:} {A} Search Engine for Java Using Free-Form Queries},
  booktitle = {Fundamental Approaches to Software Engineering, 12th International
               Conference, {FASE} 2009, Held as Part of the Joint European Conferences
               on Theory and Practice of Software, {ETAPS} 2009, York, UK, March
               22-29, 2009. Proceedings},
  pages     = {385--400},
  year      = {2009}
}

@inproceedings{freeQuery:oopsla15,
  author    = {Tihomir Gvero and
               Viktor Kuncak},
  title     = {Synthesizing Java expressions from free-form queries},
  booktitle = {Proceedings of the 2015 {ACM} {SIGPLAN} International Conference on
               Object-Oriented Programming, Systems, Languages, and Applications,
               {OOPSLA} 2015, part of {SPLASH} 2015, Pittsburgh, PA, USA, October
               25-30, 2015},
  pages     = {416--432},
  year      = {2015}
}


@inproceedings{parseWeb:tao07,
  author    = {Suresh Thummalapenta and
               Tao Xie},
  title     = {Parseweb: a programmer assistant for reusing open source code on the
               web},
  booktitle = {22nd {IEEE/ACM} International Conference on Automated Software Engineering
               {(ASE} 2007),  {USA}},
  pages     = {204--213},
  year      = {2007}
}


@inproceedings{sumit:icse16,
  author    = {Aditya Desai and
               Sumit Gulwani and
               Vineet Hingorani and
               Nidhi Jain and
               Amey Karkare and
               Mark Marron and
               Sailesh R and
               Subhajit Roy},
  title     = {Program synthesis using natural language},
  booktitle = {Proceedings of the 38th International Conference on Software Engineering,
               {ICSE} 2016},
  pages     = {345--356},
  year      = {2016}
}


@inproceedings{loop:pldi11,
  author    = {Sumit Gulwani and
               Susmit Jha and
               Ashish Tiwari and
               Ramarathnam Venkatesan},
  title     = {Synthesis of loop-free programs},
  booktitle = {Proceedings of the 32nd {ACM} {SIGPLAN} Conference on Programming
               Language Design and Implementation, {PLDI} 2011},
  pages     = {62--73},
  year      = {2011}
}





